%YAML 1.1
%TAG !u! tag:unity3d.com,2011:
--- !u!1 &829870529849624096
GameObject:
  m_ObjectHideFlags: 0
  m_CorrespondingSourceObject: {fileID: 0}
  m_PrefabInstance: {fileID: 0}
  m_PrefabAsset: {fileID: 0}
  serializedVersion: 6
  m_Component:
  - component: {fileID: 829870529849624098}
  - component: {fileID: 829870529849624109}
  - component: {fileID: 829870529849624114}
  - component: {fileID: 829870529849624115}
  m_Layer: 0
  m_Name: Module AR Video
  m_TagString: Untagged
  m_Icon: {fileID: 0}
  m_NavMeshLayer: 0
  m_StaticEditorFlags: 0
  m_IsActive: 1
--- !u!4 &829870529849624098
Transform:
  m_ObjectHideFlags: 0
  m_CorrespondingSourceObject: {fileID: 0}
  m_PrefabInstance: {fileID: 0}
  m_PrefabAsset: {fileID: 0}
  m_GameObject: {fileID: 829870529849624096}
  m_LocalRotation: {x: 0, y: 0, z: 0, w: 1}
  m_LocalPosition: {x: 0, y: 0, z: 155.9}
  m_LocalScale: {x: 1, y: 1, z: 1}
  m_ConstrainProportionsScale: 0
  m_Children:
  - {fileID: 829870531494710256}
  m_Father: {fileID: 0}
  m_RootOrder: 0
  m_LocalEulerAnglesHint: {x: 0, y: 0, z: 0}
--- !u!328 &829870529849624109
VideoPlayer:
  m_ObjectHideFlags: 0
  m_CorrespondingSourceObject: {fileID: 0}
  m_PrefabInstance: {fileID: 0}
  m_PrefabAsset: {fileID: 0}
  m_GameObject: {fileID: 829870529849624096}
  m_Enabled: 1
  m_VideoClip: {fileID: 32900000, guid: 713ffdbc451f74d468a3c7a0eb8b761b, type: 3}
  m_TargetCameraAlpha: 1
  m_TargetCamera3DLayout: 0
  m_TargetCamera: {fileID: 0}
  m_TargetTexture: {fileID: 8400000, guid: 848b5d2a07aa1ef48a2d305b99cd69a5, type: 2}
  m_TimeReference: 0
  m_TargetMaterialRenderer: {fileID: 0}
  m_TargetMaterialProperty: <noninit>
  m_RenderMode: 2
  m_AspectRatio: 2
  m_DataSource: 0
  m_PlaybackSpeed: 1
  m_AudioOutputMode: 2
  m_TargetAudioSources: []
  m_DirectAudioVolumes: []
  m_Url: 
  m_EnabledAudioTracks: 
  m_DirectAudioMutes: 
  m_ControlledAudioTrackCount: 0
  m_PlayOnAwake: 1
  m_SkipOnDrop: 1
  m_Looping: 0
  m_WaitForFirstFrame: 1
  m_FrameReadyEventEnabled: 0
  m_VideoShaders: []
--- !u!114 &829870529849624114
MonoBehaviour:
  m_ObjectHideFlags: 0
  m_CorrespondingSourceObject: {fileID: 0}
  m_PrefabInstance: {fileID: 0}
  m_PrefabAsset: {fileID: 0}
  m_GameObject: {fileID: 829870529849624096}
  m_Enabled: 1
  m_EditorHideFlags: 0
  m_Script: {fileID: 11500000, guid: 315dc9b0cf8a0f44b90825d94c291163, type: 3}
  m_Name: 
  m_EditorClassIdentifier: 
  videoKey:
    m_AssetGUID: 713ffdbc451f74d468a3c7a0eb8b761b
    m_SubObjectName: 
    m_SubObjectType: 
    m_EditorAssetChanged: 0
  fullScreen: {fileID: 829870531494710257}
--- !u!114 &829870529849624115
MonoBehaviour:
  m_ObjectHideFlags: 0
  m_CorrespondingSourceObject: {fileID: 0}
  m_PrefabInstance: {fileID: 0}
  m_PrefabAsset: {fileID: 0}
  m_GameObject: {fileID: 829870529849624096}
  m_Enabled: 1
  m_EditorHideFlags: 0
  m_Script: {fileID: 11500000, guid: c1be1e2a8e2e2fa48b63ab34319bd630, type: 3}
  m_Name: 
  m_EditorClassIdentifier: 
--- !u!1 &829870530728979714
GameObject:
  m_ObjectHideFlags: 0
  m_CorrespondingSourceObject: {fileID: 0}
  m_PrefabInstance: {fileID: 0}
  m_PrefabAsset: {fileID: 0}
  serializedVersion: 6
  m_Component:
  - component: {fileID: 829870530728979725}
  - component: {fileID: 829870530728979727}
  - component: {fileID: 829870530728979724}
  - component: {fileID: 829870530728979726}
  m_Layer: 5
  m_Name: RawImage
  m_TagString: Untagged
  m_Icon: {fileID: 0}
  m_NavMeshLayer: 0
  m_StaticEditorFlags: 0
  m_IsActive: 1
--- !u!224 &829870530728979725
RectTransform:
  m_ObjectHideFlags: 0
  m_CorrespondingSourceObject: {fileID: 0}
  m_PrefabInstance: {fileID: 0}
  m_PrefabAsset: {fileID: 0}
  m_GameObject: {fileID: 829870530728979714}
  m_LocalRotation: {x: -0, y: -0, z: -0, w: 1}
  m_LocalPosition: {x: 0, y: 0, z: 0}
  m_LocalScale: {x: 1, y: 1, z: 1}
  m_ConstrainProportionsScale: 0
  m_Children: []
  m_Father: {fileID: 829870531494710256}
  m_RootOrder: 0
  m_LocalEulerAnglesHint: {x: 0, y: 0, z: 0}
  m_AnchorMin: {x: 0, y: 0}
  m_AnchorMax: {x: 1, y: 1}
  m_AnchoredPosition: {x: 0, y: 0}
  m_SizeDelta: {x: 0, y: 0}
  m_Pivot: {x: 0.5, y: 0.5}
--- !u!222 &829870530728979727
CanvasRenderer:
  m_ObjectHideFlags: 0
  m_CorrespondingSourceObject: {fileID: 0}
  m_PrefabInstance: {fileID: 0}
  m_PrefabAsset: {fileID: 0}
  m_GameObject: {fileID: 829870530728979714}
  m_CullTransparentMesh: 0
--- !u!114 &829870530728979724
MonoBehaviour:
  m_ObjectHideFlags: 0
  m_CorrespondingSourceObject: {fileID: 0}
  m_PrefabInstance: {fileID: 0}
  m_PrefabAsset: {fileID: 0}
  m_GameObject: {fileID: 829870530728979714}
  m_Enabled: 1
  m_EditorHideFlags: 0
  m_Script: {fileID: 11500000, guid: 1344c3c82d62a2a41a3576d8abb8e3ea, type: 3}
  m_Name: 
  m_EditorClassIdentifier: 
  m_Material: {fileID: 0}
  m_Color: {r: 1, g: 1, b: 1, a: 1}
  m_RaycastTarget: 1
  m_RaycastPadding: {x: 0, y: 0, z: 0, w: 0}
  m_Maskable: 1
  m_OnCullStateChanged:
    m_PersistentCalls:
      m_Calls: []
  m_Texture: {fileID: 0}
  m_UVRect:
    serializedVersion: 2
    x: 0
    y: 0
    width: 1
    height: 1
--- !u!114 &829870530728979726
MonoBehaviour:
  m_ObjectHideFlags: 0
  m_CorrespondingSourceObject: {fileID: 0}
  m_PrefabInstance: {fileID: 0}
  m_PrefabAsset: {fileID: 0}
  m_GameObject: {fileID: 829870530728979714}
  m_Enabled: 1
  m_EditorHideFlags: 0
  m_Script: {fileID: 11500000, guid: 4e29b1a8efbd4b44bb3f3716e73f07ff, type: 3}
  m_Name: 
  m_EditorClassIdentifier: 
  m_Navigation:
    m_Mode: 3
    m_WrapAround: 0
    m_SelectOnUp: {fileID: 0}
    m_SelectOnDown: {fileID: 0}
    m_SelectOnLeft: {fileID: 0}
    m_SelectOnRight: {fileID: 0}
  m_Transition: 1
  m_Colors:
    m_NormalColor: {r: 1, g: 1, b: 1, a: 1}
    m_HighlightedColor: {r: 0.9607843, g: 0.9607843, b: 0.9607843, a: 1}
    m_PressedColor: {r: 0.78431374, g: 0.78431374, b: 0.78431374, a: 1}
    m_SelectedColor: {r: 0.9607843, g: 0.9607843, b: 0.9607843, a: 1}
    m_DisabledColor: {r: 0.78431374, g: 0.78431374, b: 0.78431374, a: 0.5019608}
    m_ColorMultiplier: 1
    m_FadeDuration: 0.1
  m_SpriteState:
    m_HighlightedSprite: {fileID: 0}
    m_PressedSprite: {fileID: 0}
    m_SelectedSprite: {fileID: 0}
    m_DisabledSprite: {fileID: 0}
  m_AnimationTriggers:
    m_NormalTrigger: Normal
    m_HighlightedTrigger: Highlighted
    m_PressedTrigger: Pressed
    m_SelectedTrigger: Selected
    m_DisabledTrigger: Disabled
  m_Interactable: 1
  m_TargetGraphic: {fileID: 829870530728979724}
  m_OnClick:
    m_PersistentCalls:
      m_Calls:
      - m_Target: {fileID: 829870529849624114}
        m_TargetAssemblyTypeName: ModuleARVideo, Assembly-CSharp
        m_MethodName: OnFullscreenPlay
        m_Mode: 1
        m_Arguments:
          m_ObjectArgument: {fileID: 0}
          m_ObjectArgumentAssemblyTypeName: UnityEngine.Object, UnityEngine
          m_IntArgument: 0
          m_FloatArgument: 0
          m_StringArgument: 
          m_BoolArgument: 0
        m_CallState: 2
--- !u!1 &829870531494710257
GameObject:
  m_ObjectHideFlags: 0
  m_CorrespondingSourceObject: {fileID: 0}
  m_PrefabInstance: {fileID: 0}
  m_PrefabAsset: {fileID: 0}
  serializedVersion: 6
  m_Component:
  - component: {fileID: 829870531494710256}
  - component: {fileID: 829870531494710269}
  - component: {fileID: 829870531494710258}
  - component: {fileID: 829870531494710259}
  m_Layer: 0
  m_Name: Canvas Fullscreen
  m_TagString: Untagged
  m_Icon: {fileID: 0}
  m_NavMeshLayer: 0
  m_StaticEditorFlags: 0
  m_IsActive: 1
--- !u!224 &829870531494710256
RectTransform:
  m_ObjectHideFlags: 0
  m_CorrespondingSourceObject: {fileID: 0}
  m_PrefabInstance: {fileID: 0}
  m_PrefabAsset: {fileID: 0}
  m_GameObject: {fileID: 829870531494710257}
  m_LocalRotation: {x: 0, y: 1, z: 0, w: 0}
  m_LocalPosition: {x: 0, y: 0, z: 0}
  m_LocalScale: {x: 0.05400923, y: 0.05400923, z: 0.05400923}
  m_ConstrainProportionsScale: 0
  m_Children:
  - {fileID: 829870530728979725}
  - {fileID: 3117638809967077210}
  m_Father: {fileID: 829870529849624098}
  m_RootOrder: 0
  m_LocalEulerAnglesHint: {x: 0, y: 180, z: 0}
  m_AnchorMin: {x: 0, y: 0}
  m_AnchorMax: {x: 0, y: 0}
  m_AnchoredPosition: {x: 0, y: 0}
  m_SizeDelta: {x: 1024, y: 1024}
  m_Pivot: {x: 0.5, y: 0.5}
--- !u!223 &829870531494710269
Canvas:
  m_ObjectHideFlags: 0
  m_CorrespondingSourceObject: {fileID: 0}
  m_PrefabInstance: {fileID: 0}
  m_PrefabAsset: {fileID: 0}
  m_GameObject: {fileID: 829870531494710257}
  m_Enabled: 1
  serializedVersion: 3
  m_RenderMode: 2
  m_Camera: {fileID: 0}
  m_PlaneDistance: 100
  m_PixelPerfect: 0
  m_ReceivesEvents: 1
  m_OverrideSorting: 0
  m_OverridePixelPerfect: 0
  m_SortingBucketNormalizedSize: 0
  m_AdditionalShaderChannelsFlag: 31
  m_SortingLayerID: 0
  m_SortingOrder: 100
  m_TargetDisplay: 0
--- !u!114 &829870531494710258
MonoBehaviour:
  m_ObjectHideFlags: 0
  m_CorrespondingSourceObject: {fileID: 0}
  m_PrefabInstance: {fileID: 0}
  m_PrefabAsset: {fileID: 0}
  m_GameObject: {fileID: 829870531494710257}
  m_Enabled: 1
  m_EditorHideFlags: 0
  m_Script: {fileID: 11500000, guid: 0cd44c1031e13a943bb63640046fad76, type: 3}
  m_Name: 
  m_EditorClassIdentifier: 
  m_UiScaleMode: 1
  m_ReferencePixelsPerUnit: 100
  m_ScaleFactor: 1
  m_ReferenceResolution: {x: 1080, y: 1920}
  m_ScreenMatchMode: 0
  m_MatchWidthOrHeight: 0.5
  m_PhysicalUnit: 3
  m_FallbackScreenDPI: 96
  m_DefaultSpriteDPI: 96
  m_DynamicPixelsPerUnit: 1
  m_PresetInfoIsWorld: 1
--- !u!114 &829870531494710259
MonoBehaviour:
  m_ObjectHideFlags: 0
  m_CorrespondingSourceObject: {fileID: 0}
  m_PrefabInstance: {fileID: 0}
  m_PrefabAsset: {fileID: 0}
  m_GameObject: {fileID: 829870531494710257}
  m_Enabled: 1
  m_EditorHideFlags: 0
  m_Script: {fileID: 11500000, guid: dc42784cf147c0c48a680349fa168899, type: 3}
  m_Name: 
  m_EditorClassIdentifier: 
  m_IgnoreReversedGraphics: 1
  m_BlockingObjects: 0
  m_BlockingMask:
    serializedVersion: 2
    m_Bits: 4294967295
--- !u!1 &8917369412422927650
GameObject:
  m_ObjectHideFlags: 0
  m_CorrespondingSourceObject: {fileID: 0}
  m_PrefabInstance: {fileID: 0}
  m_PrefabAsset: {fileID: 0}
  serializedVersion: 6
  m_Component:
  - component: {fileID: 3117638809967077210}
  - component: {fileID: 7747902052414239657}
  m_Layer: 0
  m_Name: Padding
  m_TagString: Untagged
  m_Icon: {fileID: 0}
  m_NavMeshLayer: 0
  m_StaticEditorFlags: 0
  m_IsActive: 1
--- !u!224 &3117638809967077210
RectTransform:
  m_ObjectHideFlags: 0
  m_CorrespondingSourceObject: {fileID: 0}
  m_PrefabInstance: {fileID: 0}
  m_PrefabAsset: {fileID: 0}
  m_GameObject: {fileID: 8917369412422927650}
  m_LocalRotation: {x: 0, y: 0, z: 0, w: 1}
  m_LocalPosition: {x: 0, y: 0, z: 0}
  m_LocalScale: {x: 1, y: 1, z: 1}
  m_ConstrainProportionsScale: 0
  m_Children:
  - {fileID: 8821679180344221086}
  m_Father: {fileID: 829870531494710256}
  m_RootOrder: 1
  m_LocalEulerAnglesHint: {x: 0, y: 0, z: 0}
  m_AnchorMin: {x: 0, y: 0}
  m_AnchorMax: {x: 0, y: 0}
  m_AnchoredPosition: {x: 0, y: 0}
  m_SizeDelta: {x: 0, y: 0}
  m_Pivot: {x: 0.5, y: 0.5}
--- !u!114 &7747902052414239657
MonoBehaviour:
  m_ObjectHideFlags: 0
  m_CorrespondingSourceObject: {fileID: 0}
  m_PrefabInstance: {fileID: 0}
  m_PrefabAsset: {fileID: 0}
  m_GameObject: {fileID: 8917369412422927650}
  m_Enabled: 1
  m_EditorHideFlags: 0
  m_Script: {fileID: 11500000, guid: 8f269a02320ed4ab1a11752f681b4743, type: 3}
  m_Name: 
  m_EditorClassIdentifier: 
  orientationType: 0
  portraitOrDefaultPaddings:
    left: 0
    bottom: 0
    top: 0
    right: 0
  landscapePaddings:
    left: 0
    bottom: 0
    top: 0
    right: 0
  influence: 1
  flipPadding: 0
--- !u!1001 &5450372496284168470
PrefabInstance:
  m_ObjectHideFlags: 0
  serializedVersion: 2
  m_Modification:
    m_TransformParent: {fileID: 3117638809967077210}
    m_Modifications:
    - target: {fileID: 3589222194925005960, guid: 2c59b2c1b8c4a1848b7deb6044fcab84, type: 3}
      propertyPath: m_Pivot.x
      value: 0.5
      objectReference: {fileID: 0}
    - target: {fileID: 3589222194925005960, guid: 2c59b2c1b8c4a1848b7deb6044fcab84, type: 3}
      propertyPath: m_Pivot.y
      value: 0
      objectReference: {fileID: 0}
    - target: {fileID: 3589222194925005960, guid: 2c59b2c1b8c4a1848b7deb6044fcab84, type: 3}
      propertyPath: m_RootOrder
      value: 0
      objectReference: {fileID: 0}
    - target: {fileID: 3589222194925005960, guid: 2c59b2c1b8c4a1848b7deb6044fcab84, type: 3}
      propertyPath: m_AnchorMax.x
      value: 1
      objectReference: {fileID: 0}
    - target: {fileID: 3589222194925005960, guid: 2c59b2c1b8c4a1848b7deb6044fcab84, type: 3}
      propertyPath: m_AnchorMax.y
      value: 0
      objectReference: {fileID: 0}
    - target: {fileID: 3589222194925005960, guid: 2c59b2c1b8c4a1848b7deb6044fcab84, type: 3}
      propertyPath: m_AnchorMin.x
      value: 0
      objectReference: {fileID: 0}
    - target: {fileID: 3589222194925005960, guid: 2c59b2c1b8c4a1848b7deb6044fcab84, type: 3}
      propertyPath: m_AnchorMin.y
      value: 0
      objectReference: {fileID: 0}
    - target: {fileID: 3589222194925005960, guid: 2c59b2c1b8c4a1848b7deb6044fcab84, type: 3}
      propertyPath: m_SizeDelta.x
      value: -100
      objectReference: {fileID: 0}
    - target: {fileID: 3589222194925005960, guid: 2c59b2c1b8c4a1848b7deb6044fcab84, type: 3}
      propertyPath: m_SizeDelta.y
      value: 50
      objectReference: {fileID: 0}
    - target: {fileID: 3589222194925005960, guid: 2c59b2c1b8c4a1848b7deb6044fcab84, type: 3}
      propertyPath: m_LocalPosition.x
      value: 0
      objectReference: {fileID: 0}
    - target: {fileID: 3589222194925005960, guid: 2c59b2c1b8c4a1848b7deb6044fcab84, type: 3}
      propertyPath: m_LocalPosition.y
      value: 0
      objectReference: {fileID: 0}
    - target: {fileID: 3589222194925005960, guid: 2c59b2c1b8c4a1848b7deb6044fcab84, type: 3}
      propertyPath: m_LocalPosition.z
      value: 0
      objectReference: {fileID: 0}
    - target: {fileID: 3589222194925005960, guid: 2c59b2c1b8c4a1848b7deb6044fcab84, type: 3}
      propertyPath: m_LocalRotation.w
      value: 1
      objectReference: {fileID: 0}
    - target: {fileID: 3589222194925005960, guid: 2c59b2c1b8c4a1848b7deb6044fcab84, type: 3}
      propertyPath: m_LocalRotation.x
      value: -0
      objectReference: {fileID: 0}
    - target: {fileID: 3589222194925005960, guid: 2c59b2c1b8c4a1848b7deb6044fcab84, type: 3}
      propertyPath: m_LocalRotation.y
      value: -0
      objectReference: {fileID: 0}
    - target: {fileID: 3589222194925005960, guid: 2c59b2c1b8c4a1848b7deb6044fcab84, type: 3}
      propertyPath: m_LocalRotation.z
      value: -0
      objectReference: {fileID: 0}
    - target: {fileID: 3589222194925005960, guid: 2c59b2c1b8c4a1848b7deb6044fcab84, type: 3}
      propertyPath: m_AnchoredPosition.x
      value: 0
      objectReference: {fileID: 0}
    - target: {fileID: 3589222194925005960, guid: 2c59b2c1b8c4a1848b7deb6044fcab84, type: 3}
      propertyPath: m_AnchoredPosition.y
      value: 100
      objectReference: {fileID: 0}
    - target: {fileID: 3589222194925005960, guid: 2c59b2c1b8c4a1848b7deb6044fcab84, type: 3}
      propertyPath: m_LocalEulerAnglesHint.x
      value: 0
      objectReference: {fileID: 0}
    - target: {fileID: 3589222194925005960, guid: 2c59b2c1b8c4a1848b7deb6044fcab84, type: 3}
      propertyPath: m_LocalEulerAnglesHint.y
      value: 0
      objectReference: {fileID: 0}
    - target: {fileID: 3589222194925005960, guid: 2c59b2c1b8c4a1848b7deb6044fcab84, type: 3}
      propertyPath: m_LocalEulerAnglesHint.z
      value: 0
      objectReference: {fileID: 0}
    - target: {fileID: 3589222194925005961, guid: 2c59b2c1b8c4a1848b7deb6044fcab84, type: 3}
      propertyPath: m_Value
      value: 0
      objectReference: {fileID: 0}
    - target: {fileID: 3589222194925005962, guid: 2c59b2c1b8c4a1848b7deb6044fcab84, type: 3}
      propertyPath: m_Delegates.Array.data[0].callback.m_PersistentCalls.m_Calls.Array.data[0].m_Target
      value: 
      objectReference: {fileID: 829870529849624114}
    - target: {fileID: 3589222194925005962, guid: 2c59b2c1b8c4a1848b7deb6044fcab84, type: 3}
      propertyPath: m_Delegates.Array.data[1].callback.m_PersistentCalls.m_Calls.Array.data[0].m_Target
      value: 
      objectReference: {fileID: 829870529849624114}
    - target: {fileID: 3589222194925005962, guid: 2c59b2c1b8c4a1848b7deb6044fcab84, type: 3}
      propertyPath: m_Delegates.Array.data[0].callback.m_PersistentCalls.m_Calls.Array.data[0].m_MethodName
      value: OnSliderBeginDrag
      objectReference: {fileID: 0}
    - target: {fileID: 3589222194925005962, guid: 2c59b2c1b8c4a1848b7deb6044fcab84, type: 3}
      propertyPath: m_Delegates.Array.data[1].callback.m_PersistentCalls.m_Calls.Array.data[0].m_MethodName
      value: OnSliderEndDrag
      objectReference: {fileID: 0}
    - target: {fileID: 3589222194925005962, guid: 2c59b2c1b8c4a1848b7deb6044fcab84, type: 3}
      propertyPath: m_Delegates.Array.data[0].callback.m_PersistentCalls.m_Calls.Array.data[0].m_TargetAssemblyTypeName
      value: ModuleARVideo, Assembly-CSharp
      objectReference: {fileID: 0}
    - target: {fileID: 3589222194925005962, guid: 2c59b2c1b8c4a1848b7deb6044fcab84, type: 3}
      propertyPath: m_Delegates.Array.data[1].callback.m_PersistentCalls.m_Calls.Array.data[0].m_TargetAssemblyTypeName
      value: ModuleARVideo, Assembly-CSharp
      objectReference: {fileID: 0}
    - target: {fileID: 3589222194925005967, guid: 2c59b2c1b8c4a1848b7deb6044fcab84, type: 3}
      propertyPath: m_Name
      value: Slider
      objectReference: {fileID: 0}
    - target: {fileID: 3589222195018512356, guid: 2c59b2c1b8c4a1848b7deb6044fcab84, type: 3}
      propertyPath: m_AnchorMax.x
      value: 0
      objectReference: {fileID: 0}
    - target: {fileID: 3589222195018512356, guid: 2c59b2c1b8c4a1848b7deb6044fcab84, type: 3}
      propertyPath: m_AnchorMax.y
      value: 0
      objectReference: {fileID: 0}
    - target: {fileID: 3589222195233736160, guid: 2c59b2c1b8c4a1848b7deb6044fcab84, type: 3}
      propertyPath: m_Pivot.y
      value: 1
      objectReference: {fileID: 0}
    - target: {fileID: 3589222195233736160, guid: 2c59b2c1b8c4a1848b7deb6044fcab84, type: 3}
      propertyPath: m_AnchorMax.y
      value: 0
      objectReference: {fileID: 0}
    - target: {fileID: 3589222195233736160, guid: 2c59b2c1b8c4a1848b7deb6044fcab84, type: 3}
      propertyPath: m_AnchorMin.y
      value: 0
      objectReference: {fileID: 0}
    - target: {fileID: 3589222195233736160, guid: 2c59b2c1b8c4a1848b7deb6044fcab84, type: 3}
      propertyPath: m_SizeDelta.y
      value: 32
      objectReference: {fileID: 0}
    - target: {fileID: 3589222195233736160, guid: 2c59b2c1b8c4a1848b7deb6044fcab84, type: 3}
      propertyPath: m_AnchoredPosition.y
      value: -10
      objectReference: {fileID: 0}
    - target: {fileID: 3589222195233736161, guid: 2c59b2c1b8c4a1848b7deb6044fcab84, type: 3}
      propertyPath: m_fontColor.b
      value: 1
      objectReference: {fileID: 0}
    - target: {fileID: 3589222195233736161, guid: 2c59b2c1b8c4a1848b7deb6044fcab84, type: 3}
      propertyPath: m_fontColor.g
      value: 1
      objectReference: {fileID: 0}
    - target: {fileID: 3589222195233736161, guid: 2c59b2c1b8c4a1848b7deb6044fcab84, type: 3}
      propertyPath: m_fontColor.r
      value: 1
      objectReference: {fileID: 0}
    - target: {fileID: 3589222195233736161, guid: 2c59b2c1b8c4a1848b7deb6044fcab84, type: 3}
      propertyPath: m_fontColor32.rgba
      value: 4294967295
      objectReference: {fileID: 0}
    - target: {fileID: 3589222195233736161, guid: 2c59b2c1b8c4a1848b7deb6044fcab84, type: 3}
      propertyPath: m_HorizontalAlignment
      value: 4
      objectReference: {fileID: 0}
    - target: {fileID: 3589222195487962370, guid: 2c59b2c1b8c4a1848b7deb6044fcab84, type: 3}
      propertyPath: m_AnchorMax.x
      value: 0
      objectReference: {fileID: 0}
    - target: {fileID: 3589222195487962370, guid: 2c59b2c1b8c4a1848b7deb6044fcab84, type: 3}
      propertyPath: m_AnchorMax.y
      value: 0
      objectReference: {fileID: 0}
    - target: {fileID: 3589222195487962370, guid: 2c59b2c1b8c4a1848b7deb6044fcab84, type: 3}
      propertyPath: m_AnchorMin.x
      value: 0
      objectReference: {fileID: 0}
    m_RemovedComponents: []
  m_SourcePrefab: {fileID: 100100000, guid: 2c59b2c1b8c4a1848b7deb6044fcab84, type: 3}
--- !u!1 &8821679180032341233 stripped
GameObject:
  m_CorrespondingSourceObject: {fileID: 3589222195233736167, guid: 2c59b2c1b8c4a1848b7deb6044fcab84, type: 3}
  m_PrefabInstance: {fileID: 5450372496284168470}
  m_PrefabAsset: {fileID: 0}
--- !u!114 &4152395779617979746
MonoBehaviour:
  m_ObjectHideFlags: 0
  m_CorrespondingSourceObject: {fileID: 0}
  m_PrefabInstance: {fileID: 0}
  m_PrefabAsset: {fileID: 0}
  m_GameObject: {fileID: 8821679180032341233}
  m_Enabled: 1
  m_EditorHideFlags: 0
  m_Script: {fileID: 11500000, guid: 31bd27bbdf3a42945baf8f0b7c807a12, type: 3}
  m_Name: 
  m_EditorClassIdentifier: 
  colorGroup: 5
  keepAlpha: 1
--- !u!224 &8821679180344221086 stripped
RectTransform:
  m_CorrespondingSourceObject: {fileID: 3589222194925005960, guid: 2c59b2c1b8c4a1848b7deb6044fcab84, type: 3}
  m_PrefabInstance: {fileID: 5450372496284168470}
  m_PrefabAsset: {fileID: 0}
