%YAML 1.1
%TAG !u! tag:unity3d.com,2011:
--- !u!1 &77996279478227157
GameObject:
  m_ObjectHideFlags: 0
  m_CorrespondingSourceObject: {fileID: 0}
  m_PrefabInstance: {fileID: 0}
  m_PrefabAsset: {fileID: 0}
  serializedVersion: 6
  m_Component:
  - component: {fileID: 6061771870111007881}
  m_Layer: 0
  m_Name: forearm.R
  m_TagString: Untagged
  m_Icon: {fileID: 0}
  m_NavMeshLayer: 0
  m_StaticEditorFlags: 0
  m_IsActive: 1
--- !u!4 &6061771870111007881
Transform:
  m_ObjectHideFlags: 0
  m_CorrespondingSourceObject: {fileID: 0}
  m_PrefabInstance: {fileID: 0}
  m_PrefabAsset: {fileID: 0}
  m_GameObject: {fileID: 77996279478227157}
  m_LocalRotation: {x: 0.18152794, y: -0.041617278, z: -0.15834296, w: 0.96966136}
  m_LocalPosition: {x: 0.000028011898, y: 0.28990933, z: 0.0000005564399}
  m_LocalScale: {x: 0.9999707, y: 1.0000299, z: 0.9999994}
  m_ConstrainProportionsScale: 0
  m_Children: []
  m_Father: {fileID: 613596999478548557}
  m_RootOrder: 0
  m_LocalEulerAnglesHint: {x: 20.578485, y: -6.9996753, z: -7.7539306}
--- !u!1 &471459943069534646
GameObject:
  m_ObjectHideFlags: 0
  m_CorrespondingSourceObject: {fileID: 0}
  m_PrefabInstance: {fileID: 0}
  m_PrefabAsset: {fileID: 0}
  serializedVersion: 6
  m_Component:
  - component: {fileID: 3612882745377647890}
  - component: {fileID: 40713989842515815}
  m_Layer: 0
  m_Name: GameObject
  m_TagString: Untagged
  m_Icon: {fileID: 0}
  m_NavMeshLayer: 0
  m_StaticEditorFlags: 0
  m_IsActive: 1
--- !u!4 &3612882745377647890
Transform:
  m_ObjectHideFlags: 0
  m_CorrespondingSourceObject: {fileID: 0}
  m_PrefabInstance: {fileID: 0}
  m_PrefabAsset: {fileID: 0}
  m_GameObject: {fileID: 471459943069534646}
  m_LocalRotation: {x: 0, y: 0, z: 0, w: 1}
  m_LocalPosition: {x: 0, y: 0.0301, z: 0}
  m_LocalScale: {x: 0.1134976, y: 0.1134976, z: 0.1134976}
  m_ConstrainProportionsScale: 0
  m_Children:
  - {fileID: 7295313146356777592}
  - {fileID: 2494526144297998445}
  - {fileID: 1613228968083731236}
  - {fileID: 292070965173950423}
  - {fileID: 8038736582619000522}
  - {fileID: 5618486634422576109}
  - {fileID: 1457867619255328584}
  - {fileID: 5002520749318972863}
  m_Father: {fileID: 3930761919344062553}
  m_RootOrder: 2
  m_LocalEulerAnglesHint: {x: 0, y: 0, z: 0}
--- !u!95 &40713989842515815
Animator:
  serializedVersion: 4
  m_ObjectHideFlags: 0
  m_CorrespondingSourceObject: {fileID: 0}
  m_PrefabInstance: {fileID: 0}
  m_PrefabAsset: {fileID: 0}
  m_GameObject: {fileID: 471459943069534646}
  m_Enabled: 1
  m_Avatar: {fileID: 0}
  m_Controller: {fileID: 9100000, guid: 060d9f293c40b054fa89e7335b0c10c4, type: 2}
  m_CullingMode: 0
  m_UpdateMode: 0
  m_ApplyRootMotion: 0
  m_LinearVelocityBlending: 0
  m_StabilizeFeet: 0
  m_WarningMessage: 
  m_HasTransformHierarchy: 1
  m_AllowConstantClipSamplingOptimization: 1
  m_KeepAnimatorControllerStateOnDisable: 0
--- !u!1 &667466308636312129
GameObject:
  m_ObjectHideFlags: 0
  m_CorrespondingSourceObject: {fileID: 0}
  m_PrefabInstance: {fileID: 0}
  m_PrefabAsset: {fileID: 0}
  serializedVersion: 6
  m_Component:
  - component: {fileID: 4777806594654612117}
  m_Layer: 0
  m_Name: bag_2
  m_TagString: Untagged
  m_Icon: {fileID: 0}
  m_NavMeshLayer: 0
  m_StaticEditorFlags: 0
  m_IsActive: 1
--- !u!4 &4777806594654612117
Transform:
  m_ObjectHideFlags: 0
  m_CorrespondingSourceObject: {fileID: 0}
  m_PrefabInstance: {fileID: 0}
  m_PrefabAsset: {fileID: 0}
  m_GameObject: {fileID: 667466308636312129}
  m_LocalRotation: {x: -0.20425175, y: 0, z: -0, w: 0.97891843}
  m_LocalPosition: {x: -0, y: 0.2085906, z: -0.000008781446}
  m_LocalScale: {x: 1, y: 1.0000364, z: 0.9999635}
  m_ConstrainProportionsScale: 0
  m_Children:
  - {fileID: 3539463011164955829}
  m_Father: {fileID: 3143497990553115069}
  m_RootOrder: 0
  m_LocalEulerAnglesHint: {x: -21.689754, y: 3.8511434, z: 5.484704}
--- !u!1 &742503062959023772
GameObject:
  m_ObjectHideFlags: 0
  m_CorrespondingSourceObject: {fileID: 0}
  m_PrefabInstance: {fileID: 0}
  m_PrefabAsset: {fileID: 0}
  serializedVersion: 6
  m_Component:
  - component: {fileID: 9116933314218147606}
  m_Layer: 0
  m_Name: nose_1
  m_TagString: Untagged
  m_Icon: {fileID: 0}
  m_NavMeshLayer: 0
  m_StaticEditorFlags: 0
  m_IsActive: 1
--- !u!4 &9116933314218147606
Transform:
  m_ObjectHideFlags: 0
  m_CorrespondingSourceObject: {fileID: 0}
  m_PrefabInstance: {fileID: 0}
  m_PrefabAsset: {fileID: 0}
  m_GameObject: {fileID: 742503062959023772}
  m_LocalRotation: {x: -0.17508936, y: 0, z: -0, w: 0.98455256}
  m_LocalPosition: {x: -0.000000047331, y: 0.35804743, z: -0.0000010194586}
  m_LocalScale: {x: 1, y: 1.0000157, z: 0.99998355}
  m_ConstrainProportionsScale: 0
  m_Children:
  - {fileID: 3795522497850842639}
  m_Father: {fileID: 2223112678412541719}
  m_RootOrder: 0
  m_LocalEulerAnglesHint: {x: -19.29992, y: -0.0000006987131, z: 0.0000014082477}
--- !u!1 &1025466757131160337
GameObject:
  m_ObjectHideFlags: 0
  m_CorrespondingSourceObject: {fileID: 0}
  m_PrefabInstance: {fileID: 0}
  m_PrefabAsset: {fileID: 0}
  serializedVersion: 6
  m_Component:
  - component: {fileID: 2544535495349531030}
  m_Layer: 0
  m_Name: tail_3
  m_TagString: Untagged
  m_Icon: {fileID: 0}
  m_NavMeshLayer: 0
  m_StaticEditorFlags: 0
  m_IsActive: 1
--- !u!4 &2544535495349531030
Transform:
  m_ObjectHideFlags: 0
  m_CorrespondingSourceObject: {fileID: 0}
  m_PrefabInstance: {fileID: 0}
  m_PrefabAsset: {fileID: 0}
  m_GameObject: {fileID: 1025466757131160337}
  m_LocalRotation: {x: 0.05788505, y: -0.008021984, z: -0.06817906, w: 0.9959601}
  m_LocalPosition: {x: 0.00000076770385, y: 0.13708082, z: 0.0000003903943}
  m_LocalScale: {x: 1.0000004, y: 0.9999983, z: 1.0000008}
  m_ConstrainProportionsScale: 0
  m_Children:
  - {fileID: 3356843003271055958}
  m_Father: {fileID: 3489331691710874549}
  m_RootOrder: 0
  m_LocalEulerAnglesHint: {x: 6.596124, y: -1.3271228, z: -7.64576}
--- !u!1 &1086717487504459424
GameObject:
  m_ObjectHideFlags: 0
  m_CorrespondingSourceObject: {fileID: 0}
  m_PrefabInstance: {fileID: 0}
  m_PrefabAsset: {fileID: 0}
  serializedVersion: 6
  m_Component:
  - component: {fileID: 7295313146356777592}
  - component: {fileID: 7495843797502906411}
  m_Layer: 0
  m_Name: backpack
  m_TagString: Untagged
  m_Icon: {fileID: 0}
  m_NavMeshLayer: 0
  m_StaticEditorFlags: 0
  m_IsActive: 1
--- !u!4 &7295313146356777592
Transform:
  m_ObjectHideFlags: 0
  m_CorrespondingSourceObject: {fileID: 0}
  m_PrefabInstance: {fileID: 0}
  m_PrefabAsset: {fileID: 0}
  m_GameObject: {fileID: 1086717487504459424}
  m_LocalRotation: {x: -0, y: -0, z: -0, w: 1}
  m_LocalPosition: {x: 0, y: 0, z: 0}
  m_LocalScale: {x: 1, y: 1, z: 1}
  m_ConstrainProportionsScale: 0
  m_Children: []
  m_Father: {fileID: 3612882745377647890}
  m_RootOrder: 0
  m_LocalEulerAnglesHint: {x: 0, y: 0, z: 0}
--- !u!137 &7495843797502906411
SkinnedMeshRenderer:
  m_ObjectHideFlags: 0
  m_CorrespondingSourceObject: {fileID: 0}
  m_PrefabInstance: {fileID: 0}
  m_PrefabAsset: {fileID: 0}
  m_GameObject: {fileID: 1086717487504459424}
  m_Enabled: 1
  m_CastShadows: 1
  m_ReceiveShadows: 1
  m_DynamicOccludee: 1
  m_StaticShadowCaster: 0
  m_MotionVectors: 1
  m_LightProbeUsage: 1
  m_ReflectionProbeUsage: 1
  m_RayTracingMode: 3
  m_RayTraceProcedural: 0
  m_RenderingLayerMask: 1
  m_RendererPriority: 0
  m_Materials:
  - {fileID: 2100000, guid: 3c87da0683e5a6a41985e828bf45f5c8, type: 2}
  - {fileID: 2100000, guid: f5dd5addfe33afa4aa95cc0e308a612e, type: 2}
  m_StaticBatchInfo:
    firstSubMesh: 0
    subMeshCount: 0
  m_StaticBatchRoot: {fileID: 0}
  m_ProbeAnchor: {fileID: 0}
  m_LightProbeVolumeOverride: {fileID: 0}
  m_ScaleInLightmap: 1
  m_ReceiveGI: 1
  m_PreserveUVs: 0
  m_IgnoreNormalsForChartDetection: 0
  m_ImportantGI: 0
  m_StitchLightmapSeams: 1
  m_SelectedEditorRenderState: 3
  m_MinimumChartSize: 4
  m_AutoUVMaxDistance: 0.5
  m_AutoUVMaxAngle: 89
  m_LightmapParameters: {fileID: 0}
  m_SortingLayerID: 0
  m_SortingLayer: 0
  m_SortingOrder: 0
  serializedVersion: 2
  m_Quality: 0
  m_UpdateWhenOffscreen: 0
  m_SkinnedMotionVectors: 1
  m_Mesh: {fileID: -2587485212497171513, guid: 688f59c1aa1d2404aa598f1587461a75, type: 3}
  m_Bones:
  - {fileID: 3143497990553115069}
  - {fileID: 4777806594654612117}
  - {fileID: 3539463011164955829}
  m_BlendShapeWeights: []
  m_RootBone: {fileID: 3143497990553115069}
  m_AABB:
    m_Center: {x: 0.0008658767, y: 0.2556222, z: -0.07182732}
    m_Extent: {x: 0.3969614, y: 0.49840152, z: 0.44111082}
  m_DirtyAABB: 0
--- !u!1 &1280544071370388733
GameObject:
  m_ObjectHideFlags: 0
  m_CorrespondingSourceObject: {fileID: 0}
  m_PrefabInstance: {fileID: 0}
  m_PrefabAsset: {fileID: 0}
  serializedVersion: 6
  m_Component:
  - component: {fileID: 613596999478548557}
  m_Layer: 0
  m_Name: upper_arm.R
  m_TagString: Untagged
  m_Icon: {fileID: 0}
  m_NavMeshLayer: 0
  m_StaticEditorFlags: 0
  m_IsActive: 1
--- !u!4 &613596999478548557
Transform:
  m_ObjectHideFlags: 0
  m_CorrespondingSourceObject: {fileID: 0}
  m_PrefabInstance: {fileID: 0}
  m_PrefabAsset: {fileID: 0}
  m_GameObject: {fileID: 1280544071370388733}
  m_LocalRotation: {x: -0.20224935, y: 0.75338376, z: -0.30561906, w: 0.5459901}
  m_LocalPosition: {x: 0.0038187085, y: 0.2763618, z: 0.0002418701}
  m_LocalScale: {x: 0.9999869, y: 1.0000173, z: 0.99999547}
  m_ConstrainProportionsScale: 0
  m_Children:
  - {fileID: 6061771870111007881}
  m_Father: {fileID: 8158254806507760239}
  m_RootOrder: 0
  m_LocalEulerAnglesHint: {x: 13.462215, y: 99.29036, z: -20.482851}
--- !u!1 &1400005207281857991
GameObject:
  m_ObjectHideFlags: 0
  m_CorrespondingSourceObject: {fileID: 0}
  m_PrefabInstance: {fileID: 0}
  m_PrefabAsset: {fileID: 0}
  serializedVersion: 6
  m_Component:
  - component: {fileID: 8158254806507760239}
  m_Layer: 0
  m_Name: shoulder.R
  m_TagString: Untagged
  m_Icon: {fileID: 0}
  m_NavMeshLayer: 0
  m_StaticEditorFlags: 0
  m_IsActive: 1
--- !u!4 &8158254806507760239
Transform:
  m_ObjectHideFlags: 0
  m_CorrespondingSourceObject: {fileID: 0}
  m_PrefabInstance: {fileID: 0}
  m_PrefabAsset: {fileID: 0}
  m_GameObject: {fileID: 1400005207281857991}
  m_LocalRotation: {x: -0.6108731, y: -0.35969046, z: -0.43791607, w: 0.55288905}
  m_LocalPosition: {x: 0.0183, y: 0.21076669, z: 0.07976851}
  m_LocalScale: {x: 0.99999845, y: 1.0000015, z: 0.99999994}
  m_ConstrainProportionsScale: 0
  m_Children:
  - {fileID: 613596999478548557}
  m_Father: {fileID: 5629232571752900898}
  m_RootOrder: 3
  m_LocalEulerAnglesHint: {x: -82.10364, y: 92.12988, z: -161.01984}
--- !u!1 &1443726718803345169
GameObject:
  m_ObjectHideFlags: 0
  m_CorrespondingSourceObject: {fileID: 0}
  m_PrefabInstance: {fileID: 0}
  m_PrefabAsset: {fileID: 0}
  serializedVersion: 6
  m_Component:
  - component: {fileID: 3930249801257554077}
  m_Layer: 0
  m_Name: ear_4_R
  m_TagString: Untagged
  m_Icon: {fileID: 0}
  m_NavMeshLayer: 0
  m_StaticEditorFlags: 0
  m_IsActive: 1
--- !u!4 &3930249801257554077
Transform:
  m_ObjectHideFlags: 0
  m_CorrespondingSourceObject: {fileID: 0}
  m_PrefabInstance: {fileID: 0}
  m_PrefabAsset: {fileID: 0}
  m_GameObject: {fileID: 1443726718803345169}
  m_LocalRotation: {x: 0.02003763, y: -0.000004971264, z: -0.17916487, w: 0.98361504}
  m_LocalPosition: {x: 0.00000508774, y: 0.1319987, z: -0.0000033947483}
  m_LocalScale: {x: 0.99998677, y: 1.0000119, z: 1.0000008}
  m_ConstrainProportionsScale: 0
  m_Children: []
  m_Father: {fileID: 2287666887570277472}
  m_RootOrder: 0
  m_LocalEulerAnglesHint: {x: -4.346573, y: 4.706217, z: -19.044304}
--- !u!1 &1617115435205295420
GameObject:
  m_ObjectHideFlags: 0
  m_CorrespondingSourceObject: {fileID: 0}
  m_PrefabInstance: {fileID: 0}
  m_PrefabAsset: {fileID: 0}
  serializedVersion: 6
  m_Component:
  - component: {fileID: 7660173358967654277}
  m_Layer: 0
  m_Name: ear_helper_L
  m_TagString: Untagged
  m_Icon: {fileID: 0}
  m_NavMeshLayer: 0
  m_StaticEditorFlags: 0
  m_IsActive: 1
--- !u!4 &7660173358967654277
Transform:
  m_ObjectHideFlags: 0
  m_CorrespondingSourceObject: {fileID: 0}
  m_PrefabInstance: {fileID: 0}
  m_PrefabAsset: {fileID: 0}
  m_GameObject: {fileID: 1617115435205295420}
  m_LocalRotation: {x: -0.099587314, y: -0.0024408873, z: 0.37825853, w: 0.9203244}
  m_LocalPosition: {x: -0, y: 0.12065092, z: -0.000002664132}
  m_LocalScale: {x: 1.0000012, y: 1.0000037, z: 0.9999951}
  m_ConstrainProportionsScale: 0
  m_Children:
  - {fileID: 7749834796086356703}
  m_Father: {fileID: 8337964512781381583}
  m_RootOrder: 0
  m_LocalEulerAnglesHint: {x: -11.25216, y: -5.9570336, z: 45.455383}
--- !u!1 &2354717134782263014
GameObject:
  m_ObjectHideFlags: 0
  m_CorrespondingSourceObject: {fileID: 0}
  m_PrefabInstance: {fileID: 0}
  m_PrefabAsset: {fileID: 0}
  serializedVersion: 6
  m_Component:
  - component: {fileID: 630828236576307300}
  m_Layer: 0
  m_Name: neck
  m_TagString: Untagged
  m_Icon: {fileID: 0}
  m_NavMeshLayer: 0
  m_StaticEditorFlags: 0
  m_IsActive: 1
--- !u!4 &630828236576307300
Transform:
  m_ObjectHideFlags: 0
  m_CorrespondingSourceObject: {fileID: 0}
  m_PrefabInstance: {fileID: 0}
  m_PrefabAsset: {fileID: 0}
  m_GameObject: {fileID: 2354717134782263014}
  m_LocalRotation: {x: 0.12412978, y: -0, z: -0, w: 0.992266}
  m_LocalPosition: {x: -0, y: 0.23970029, z: 0.000689952}
  m_LocalScale: {x: 1, y: 1.0000069, z: 0.99999243}
  m_ConstrainProportionsScale: 0
  m_Children:
  - {fileID: 8337964512781381583}
  m_Father: {fileID: 5629232571752900898}
  m_RootOrder: 1
  m_LocalEulerAnglesHint: {x: 14.973917, y: -0.565929, z: -0.29977724}
--- !u!1 &2377226541733428354
GameObject:
  m_ObjectHideFlags: 0
  m_CorrespondingSourceObject: {fileID: 0}
  m_PrefabInstance: {fileID: 0}
  m_PrefabAsset: {fileID: 0}
  serializedVersion: 6
  m_Component:
  - component: {fileID: 5618486634422576109}
  - component: {fileID: 2682950547887775024}
  m_Layer: 0
  m_Name: mouth
  m_TagString: Untagged
  m_Icon: {fileID: 0}
  m_NavMeshLayer: 0
  m_StaticEditorFlags: 0
  m_IsActive: 1
--- !u!4 &5618486634422576109
Transform:
  m_ObjectHideFlags: 0
  m_CorrespondingSourceObject: {fileID: 0}
  m_PrefabInstance: {fileID: 0}
  m_PrefabAsset: {fileID: 0}
  m_GameObject: {fileID: 2377226541733428354}
  m_LocalRotation: {x: -0, y: -0, z: -0, w: 1}
  m_LocalPosition: {x: 0, y: 0, z: 0}
  m_LocalScale: {x: 1, y: 1, z: 1}
  m_ConstrainProportionsScale: 0
  m_Children: []
  m_Father: {fileID: 3612882745377647890}
  m_RootOrder: 5
  m_LocalEulerAnglesHint: {x: 0, y: 0, z: 0}
--- !u!137 &2682950547887775024
SkinnedMeshRenderer:
  m_ObjectHideFlags: 0
  m_CorrespondingSourceObject: {fileID: 0}
  m_PrefabInstance: {fileID: 0}
  m_PrefabAsset: {fileID: 0}
  m_GameObject: {fileID: 2377226541733428354}
  m_Enabled: 1
  m_CastShadows: 1
  m_ReceiveShadows: 1
  m_DynamicOccludee: 1
  m_StaticShadowCaster: 0
  m_MotionVectors: 1
  m_LightProbeUsage: 1
  m_ReflectionProbeUsage: 1
  m_RayTracingMode: 3
  m_RayTraceProcedural: 0
  m_RenderingLayerMask: 1
  m_RendererPriority: 0
  m_Materials:
  - {fileID: 2100000, guid: c86b30261642a154680029e5092135a2, type: 2}
  m_StaticBatchInfo:
    firstSubMesh: 0
    subMeshCount: 0
  m_StaticBatchRoot: {fileID: 0}
  m_ProbeAnchor: {fileID: 0}
  m_LightProbeVolumeOverride: {fileID: 0}
  m_ScaleInLightmap: 1
  m_ReceiveGI: 1
  m_PreserveUVs: 0
  m_IgnoreNormalsForChartDetection: 0
  m_ImportantGI: 0
  m_StitchLightmapSeams: 1
  m_SelectedEditorRenderState: 3
  m_MinimumChartSize: 4
  m_AutoUVMaxDistance: 0.5
  m_AutoUVMaxAngle: 89
  m_LightmapParameters: {fileID: 0}
  m_SortingLayerID: 0
  m_SortingLayer: 0
  m_SortingOrder: 0
  serializedVersion: 2
  m_Quality: 0
  m_UpdateWhenOffscreen: 0
  m_SkinnedMotionVectors: 1
  m_Mesh: {fileID: -3180183149586072610, guid: 688f59c1aa1d2404aa598f1587461a75, type: 3}
  m_Bones:
  - {fileID: 8337964512781381583}
  m_BlendShapeWeights: []
  m_RootBone: {fileID: 8337964512781381583}
  m_AABB:
    m_Center: {x: 0, y: 0.1549386, z: 0.22581089}
    m_Extent: {x: 0.3519556, y: 0.14326729, z: 0.14490849}
  m_DirtyAABB: 0
--- !u!1 &2868320307665741061
GameObject:
  m_ObjectHideFlags: 0
  m_CorrespondingSourceObject: {fileID: 0}
  m_PrefabInstance: {fileID: 0}
  m_PrefabAsset: {fileID: 0}
  serializedVersion: 6
  m_Component:
  - component: {fileID: 1481766711468426454}
  m_Layer: 0
  m_Name: tail
  m_TagString: Untagged
  m_Icon: {fileID: 0}
  m_NavMeshLayer: 0
  m_StaticEditorFlags: 0
  m_IsActive: 1
--- !u!4 &1481766711468426454
Transform:
  m_ObjectHideFlags: 0
  m_CorrespondingSourceObject: {fileID: 0}
  m_PrefabInstance: {fileID: 0}
  m_PrefabAsset: {fileID: 0}
  m_GameObject: {fileID: 2868320307665741061}
  m_LocalRotation: {x: -0.8021472, y: -0.04735415, z: -0.04970219, w: 0.59316707}
  m_LocalPosition: {x: -0, y: -0.074780464, z: -0.24122109}
  m_LocalScale: {x: 1.0000005, y: 0.9999996, z: 0.9999994}
  m_ConstrainProportionsScale: 0
  m_Children:
  - {fileID: 5533521137641610123}
  m_Father: {fileID: 6568091101460360280}
  m_RootOrder: 1
  m_LocalEulerAnglesHint: {x: -71.60493, y: 174.98816, z: 176.78429}
--- !u!1 &3150163591879104412
GameObject:
  m_ObjectHideFlags: 0
  m_CorrespondingSourceObject: {fileID: 0}
  m_PrefabInstance: {fileID: 0}
  m_PrefabAsset: {fileID: 0}
  serializedVersion: 6
  m_Component:
  - component: {fileID: 7629091313241066873}
  m_Layer: 0
  m_Name: upper_arm.L
  m_TagString: Untagged
  m_Icon: {fileID: 0}
  m_NavMeshLayer: 0
  m_StaticEditorFlags: 0
  m_IsActive: 1
--- !u!4 &7629091313241066873
Transform:
  m_ObjectHideFlags: 0
  m_CorrespondingSourceObject: {fileID: 0}
  m_PrefabInstance: {fileID: 0}
  m_PrefabAsset: {fileID: 0}
  m_GameObject: {fileID: 3150163591879104412}
  m_LocalRotation: {x: -0.21305148, y: -0.7516464, z: 0.3159423, w: 0.5383469}
  m_LocalPosition: {x: -0.003818885, y: 0.27636153, z: 0.00024176884}
  m_LocalScale: {x: 0.99998766, y: 1.0000169, z: 0.9999946}
  m_ConstrainProportionsScale: 0
  m_Children:
  - {fileID: 1506554246491049777}
  m_Father: {fileID: 1579333630252573049}
  m_RootOrder: 0
  m_LocalEulerAnglesHint: {x: 12.895969, y: -100.925575, z: 17.189651}
--- !u!1 &3509291312028216796
GameObject:
  m_ObjectHideFlags: 0
  m_CorrespondingSourceObject: {fileID: 0}
  m_PrefabInstance: {fileID: 0}
  m_PrefabAsset: {fileID: 0}
  serializedVersion: 6
  m_Component:
  - component: {fileID: 6025388990084589543}
  m_Layer: 0
  m_Name: ear_3_L
  m_TagString: Untagged
  m_Icon: {fileID: 0}
  m_NavMeshLayer: 0
  m_StaticEditorFlags: 0
  m_IsActive: 1
--- !u!4 &6025388990084589543
Transform:
  m_ObjectHideFlags: 0
  m_CorrespondingSourceObject: {fileID: 0}
  m_PrefabInstance: {fileID: 0}
  m_PrefabAsset: {fileID: 0}
  m_GameObject: {fileID: 3509291312028216796}
  m_LocalRotation: {x: 0.018080074, y: 0.0000029526282, z: 0.16168314, w: 0.9866771}
  m_LocalPosition: {x: -0.000009483543, y: 0.10478564, z: -0.0000015844304}
  m_LocalScale: {x: 0.99997437, y: 1.0000257, z: 1.0000012}
  m_ConstrainProportionsScale: 0
  m_Children:
  - {fileID: 5669568247706300216}
  m_Father: {fileID: 3097548980027975348}
  m_RootOrder: 0
  m_LocalEulerAnglesHint: {x: -9.684248, y: -5.4908724, z: 21.204865}
--- !u!1 &3566056162542186604
GameObject:
  m_ObjectHideFlags: 0
  m_CorrespondingSourceObject: {fileID: 0}
  m_PrefabInstance: {fileID: 0}
  m_PrefabAsset: {fileID: 0}
  serializedVersion: 6
  m_Component:
  - component: {fileID: 7036732718656884685}
  m_Layer: 0
  m_Name: leg.L
  m_TagString: Untagged
  m_Icon: {fileID: 0}
  m_NavMeshLayer: 0
  m_StaticEditorFlags: 0
  m_IsActive: 1
--- !u!4 &7036732718656884685
Transform:
  m_ObjectHideFlags: 0
  m_CorrespondingSourceObject: {fileID: 0}
  m_PrefabInstance: {fileID: 0}
  m_PrefabAsset: {fileID: 0}
  m_GameObject: {fileID: 3566056162542186604}
  m_LocalRotation: {x: 0.9932334, y: -0, z: 0, w: 0.116135456}
  m_LocalPosition: {x: -0.22704901, y: 0.024733206, z: 0.03782314}
  m_LocalScale: {x: 1, y: 1.0000001, z: 0.9999983}
  m_ConstrainProportionsScale: 0
  m_Children: []
  m_Father: {fileID: 1457867619255328584}
  m_RootOrder: 0
  m_LocalEulerAnglesHint: {x: -8.369584, y: 180, z: -176.018}
--- !u!1 &3628336171383578025
GameObject:
  m_ObjectHideFlags: 0
  m_CorrespondingSourceObject: {fileID: 0}
  m_PrefabInstance: {fileID: 0}
  m_PrefabAsset: {fileID: 0}
  serializedVersion: 6
  m_Component:
  - component: {fileID: 2048340515888050192}
  m_Layer: 0
  m_Name: ear_1_R
  m_TagString: Untagged
  m_Icon: {fileID: 0}
  m_NavMeshLayer: 0
  m_StaticEditorFlags: 0
  m_IsActive: 1
--- !u!4 &2048340515888050192
Transform:
  m_ObjectHideFlags: 0
  m_CorrespondingSourceObject: {fileID: 0}
  m_PrefabInstance: {fileID: 0}
  m_PrefabAsset: {fileID: 0}
  m_GameObject: {fileID: 3628336171383578025}
  m_LocalRotation: {x: 0.08679201, y: 0.00011605057, z: -0.7760716, w: 0.624644}
  m_LocalPosition: {x: -0.00004510751, y: 0.43883768, z: 0.000009970166}
  m_LocalScale: {x: 0.9999803, y: 1.0000205, z: 0.99999917}
  m_ConstrainProportionsScale: 0
  m_Children:
  - {fileID: 786765844861171231}
  m_Father: {fileID: 8125138772438403489}
  m_RootOrder: 0
  m_LocalEulerAnglesHint: {x: 9.518582, y: -11.374922, z: -91.08955}
--- !u!1 &3643279121436976538
GameObject:
  m_ObjectHideFlags: 0
  m_CorrespondingSourceObject: {fileID: 0}
  m_PrefabInstance: {fileID: 0}
  m_PrefabAsset: {fileID: 0}
  serializedVersion: 6
  m_Component:
  - component: {fileID: 8125138772438403489}
  m_Layer: 0
  m_Name: ear_helper_R
  m_TagString: Untagged
  m_Icon: {fileID: 0}
  m_NavMeshLayer: 0
  m_StaticEditorFlags: 0
  m_IsActive: 1
--- !u!4 &8125138772438403489
Transform:
  m_ObjectHideFlags: 0
  m_CorrespondingSourceObject: {fileID: 0}
  m_PrefabInstance: {fileID: 0}
  m_PrefabAsset: {fileID: 0}
  m_GameObject: {fileID: 3643279121436976538}
  m_LocalRotation: {x: -0.099587314, y: 0.0024408873, z: -0.37825853, w: 0.9203244}
  m_LocalPosition: {x: -0, y: 0.12065092, z: -0.000002664132}
  m_LocalScale: {x: 1.0000012, y: 1.0000037, z: 0.9999951}
  m_ConstrainProportionsScale: 0
  m_Children:
  - {fileID: 2048340515888050192}
  m_Father: {fileID: 8337964512781381583}
  m_RootOrder: 1
  m_LocalEulerAnglesHint: {x: -11.489244, y: 5.969472, z: -45.161633}
--- !u!1 &3648078980615515555
GameObject:
  m_ObjectHideFlags: 0
  m_CorrespondingSourceObject: {fileID: 0}
  m_PrefabInstance: {fileID: 0}
  m_PrefabAsset: {fileID: 0}
  serializedVersion: 6
  m_Component:
  - component: {fileID: 7749834796086356703}
  m_Layer: 0
  m_Name: ear_1_L
  m_TagString: Untagged
  m_Icon: {fileID: 0}
  m_NavMeshLayer: 0
  m_StaticEditorFlags: 0
  m_IsActive: 1
--- !u!4 &7749834796086356703
Transform:
  m_ObjectHideFlags: 0
  m_CorrespondingSourceObject: {fileID: 0}
  m_PrefabInstance: {fileID: 0}
  m_PrefabAsset: {fileID: 0}
  m_GameObject: {fileID: 3648078980615515555}
  m_LocalRotation: {x: 0.08679201, y: -0.00011605057, z: 0.7760716, w: 0.624644}
  m_LocalPosition: {x: 0.00004510751, y: 0.43883768, z: 0.000009970166}
  m_LocalScale: {x: 0.9999803, y: 1.0000205, z: 0.99999917}
  m_ConstrainProportionsScale: 0
  m_Children:
  - {fileID: 3097548980027975348}
  m_Father: {fileID: 7660173358967654277}
  m_RootOrder: 0
  m_LocalEulerAnglesHint: {x: 6.6384807, y: 9.892637, z: 106.718765}
--- !u!1 &3722113568365659870
GameObject:
  m_ObjectHideFlags: 0
  m_CorrespondingSourceObject: {fileID: 0}
  m_PrefabInstance: {fileID: 0}
  m_PrefabAsset: {fileID: 0}
  serializedVersion: 6
  m_Component:
  - component: {fileID: 2287666887570277472}
  m_Layer: 0
  m_Name: ear_3_R
  m_TagString: Untagged
  m_Icon: {fileID: 0}
  m_NavMeshLayer: 0
  m_StaticEditorFlags: 0
  m_IsActive: 1
--- !u!4 &2287666887570277472
Transform:
  m_ObjectHideFlags: 0
  m_CorrespondingSourceObject: {fileID: 0}
  m_PrefabInstance: {fileID: 0}
  m_PrefabAsset: {fileID: 0}
  m_GameObject: {fileID: 3722113568365659870}
  m_LocalRotation: {x: 0.018080074, y: -0.0000029526282, z: -0.16168314, w: 0.9866771}
  m_LocalPosition: {x: 0.000009483543, y: 0.10478564, z: -0.0000015844304}
  m_LocalScale: {x: 0.99997437, y: 1.0000257, z: 1.0000012}
  m_ConstrainProportionsScale: 0
  m_Children:
  - {fileID: 3930249801257554077}
  m_Father: {fileID: 786765844861171231}
  m_RootOrder: 0
  m_LocalEulerAnglesHint: {x: -3.2823668, y: 5.7615023, z: -16.791166}
--- !u!1 &3742608312280266286
GameObject:
  m_ObjectHideFlags: 0
  m_CorrespondingSourceObject: {fileID: 0}
  m_PrefabInstance: {fileID: 0}
  m_PrefabAsset: {fileID: 0}
  serializedVersion: 6
  m_Component:
  - component: {fileID: 5669568247706300216}
  m_Layer: 0
  m_Name: ear_4_L
  m_TagString: Untagged
  m_Icon: {fileID: 0}
  m_NavMeshLayer: 0
  m_StaticEditorFlags: 0
  m_IsActive: 1
--- !u!4 &5669568247706300216
Transform:
  m_ObjectHideFlags: 0
  m_CorrespondingSourceObject: {fileID: 0}
  m_PrefabInstance: {fileID: 0}
  m_PrefabAsset: {fileID: 0}
  m_GameObject: {fileID: 3742608312280266286}
  m_LocalRotation: {x: 0.02003763, y: 0.000004971264, z: 0.17916487, w: 0.98361504}
  m_LocalPosition: {x: -0.00000508774, y: 0.1319987, z: -0.0000033947483}
  m_LocalScale: {x: 0.99998677, y: 1.0000119, z: 1.0000008}
  m_ConstrainProportionsScale: 0
  m_Children: []
  m_Father: {fileID: 6025388990084589543}
  m_RootOrder: 0
  m_LocalEulerAnglesHint: {x: -9.936034, y: -1.3944378, z: 22.641487}
--- !u!1 &3930761919344225401
GameObject:
  m_ObjectHideFlags: 0
  m_CorrespondingSourceObject: {fileID: 0}
  m_PrefabInstance: {fileID: 0}
  m_PrefabAsset: {fileID: 0}
  serializedVersion: 6
  m_Component:
  - component: {fileID: 3930761919344062553}
  - component: {fileID: 3930761919344192209}
  - component: {fileID: 1813954140}
  - component: {fileID: 4204359614518688757}
  m_Layer: 0
  m_Name: Mascot8
  m_TagString: Target
  m_Icon: {fileID: 0}
  m_NavMeshLayer: 0
  m_StaticEditorFlags: 0
  m_IsActive: 1
--- !u!4 &3930761919344062553
Transform:
  m_ObjectHideFlags: 0
  m_CorrespondingSourceObject: {fileID: 0}
  m_PrefabInstance: {fileID: 0}
  m_PrefabAsset: {fileID: 0}
  m_GameObject: {fileID: 3930761919344225401}
  m_LocalRotation: {x: -0, y: 1, z: -0, w: 0}
  m_LocalPosition: {x: 0, y: -9.7, z: 15}
  m_LocalScale: {x: 17.874306, y: 17.874306, z: 17.874306}
  m_ConstrainProportionsScale: 1
  m_Children:
  - {fileID: 4933946033746209880}
  - {fileID: 1871245489247707733}
  - {fileID: 3612882745377647890}
  m_Father: {fileID: 0}
  m_RootOrder: 0
  m_LocalEulerAnglesHint: {x: 0, y: 180, z: 0}
--- !u!195 &3930761919344192209
NavMeshAgent:
  m_ObjectHideFlags: 0
  m_CorrespondingSourceObject: {fileID: 0}
  m_PrefabInstance: {fileID: 0}
  m_PrefabAsset: {fileID: 0}
  m_GameObject: {fileID: 3930761919344225401}
  m_Enabled: 1
  m_AgentTypeID: 0
  m_Radius: 0.47
  m_Speed: 15
  m_Acceleration: 16
  avoidancePriority: 50
  m_AngularSpeed: 320
  m_StoppingDistance: 0
  m_AutoTraverseOffMeshLink: 1
  m_AutoBraking: 1
  m_AutoRepath: 1
  m_Height: 1
  m_BaseOffset: 0
  m_WalkableMask: 4294967295
  m_ObstacleAvoidanceType: 2
--- !u!114 &1813954140
MonoBehaviour:
  m_ObjectHideFlags: 0
  m_CorrespondingSourceObject: {fileID: 0}
  m_PrefabInstance: {fileID: 0}
  m_PrefabAsset: {fileID: 0}
  m_GameObject: {fileID: 3930761919344225401}
  m_Enabled: 1
  m_EditorHideFlags: 0
  m_Script: {fileID: 11500000, guid: d1937d833d463cb4d944b50fa522935b, type: 3}
  m_Name: 
  m_EditorClassIdentifier: 
  wanderRadius: 75
  wanderTimer: 2
  rotationOffset: 0
  renderers: []
  cam: {fileID: 0}
  centerPosition: {fileID: 0}
  invulnerabilityTime: 0.75
  vulnerability: {fileID: 1871245489247920257}
--- !u!65 &4204359614518688757
BoxCollider:
  m_ObjectHideFlags: 0
  m_CorrespondingSourceObject: {fileID: 0}
  m_PrefabInstance: {fileID: 0}
  m_PrefabAsset: {fileID: 0}
  m_GameObject: {fileID: 3930761919344225401}
  m_Material: {fileID: 0}
  m_IsTrigger: 0
  m_Enabled: 1
  serializedVersion: 2
  m_Size: {x: 0.1, y: 0.15652406, z: 0.1}
  m_Center: {x: -0, y: 0.07826203, z: 0}
--- !u!1 &4376134241962761838
GameObject:
  m_ObjectHideFlags: 0
  m_CorrespondingSourceObject: {fileID: 0}
  m_PrefabInstance: {fileID: 0}
  m_PrefabAsset: {fileID: 0}
  serializedVersion: 6
  m_Component:
  - component: {fileID: 1579333630252573049}
  m_Layer: 0
  m_Name: shoulder.L
  m_TagString: Untagged
  m_Icon: {fileID: 0}
  m_NavMeshLayer: 0
  m_StaticEditorFlags: 0
  m_IsActive: 1
--- !u!4 &1579333630252573049
Transform:
  m_ObjectHideFlags: 0
  m_CorrespondingSourceObject: {fileID: 0}
  m_PrefabInstance: {fileID: 0}
  m_PrefabAsset: {fileID: 0}
  m_GameObject: {fileID: 4376134241962761838}
  m_LocalRotation: {x: -0.60941565, y: 0.3621356, z: 0.4358097, w: 0.55456316}
  m_LocalPosition: {x: -0.0183, y: 0.21076669, z: 0.07976851}
  m_LocalScale: {x: 0.99999887, y: 1.0000018, z: 0.99999976}
  m_ConstrainProportionsScale: 0
  m_Children:
  - {fileID: 7629091313241066873}
  m_Father: {fileID: 5629232571752900898}
  m_RootOrder: 2
  m_LocalEulerAnglesHint: {x: -82.32118, y: -92.48823, z: 161.25127}
--- !u!1 &4668047158349216857
GameObject:
  m_ObjectHideFlags: 0
  m_CorrespondingSourceObject: {fileID: 0}
  m_PrefabInstance: {fileID: 0}
  m_PrefabAsset: {fileID: 0}
  serializedVersion: 6
  m_Component:
  - component: {fileID: 3795522497850842639}
  m_Layer: 0
  m_Name: nose_2
  m_TagString: Untagged
  m_Icon: {fileID: 0}
  m_NavMeshLayer: 0
  m_StaticEditorFlags: 0
  m_IsActive: 1
--- !u!4 &3795522497850842639
Transform:
  m_ObjectHideFlags: 0
  m_CorrespondingSourceObject: {fileID: 0}
  m_PrefabInstance: {fileID: 0}
  m_PrefabAsset: {fileID: 0}
  m_GameObject: {fileID: 4668047158349216857}
  m_LocalRotation: {x: -0.0013144861, y: 0, z: -0, w: 0.99999917}
  m_LocalPosition: {x: -0.000000017676, y: 0.037941497, z: -0.0000005617141}
  m_LocalScale: {x: 1, y: 1, z: 0.99999976}
  m_ConstrainProportionsScale: 0
  m_Children: []
  m_Father: {fileID: 9116933314218147606}
  m_RootOrder: 0
  m_LocalEulerAnglesHint: {x: -0.1506456, y: 0, z: 0}
--- !u!1 &4734669735928337973
GameObject:
  m_ObjectHideFlags: 0
  m_CorrespondingSourceObject: {fileID: 0}
  m_PrefabInstance: {fileID: 0}
  m_PrefabAsset: {fileID: 0}
  serializedVersion: 6
  m_Component:
  - component: {fileID: 8038736582619000522}
  - component: {fileID: 1747257613824960122}
  m_Layer: 0
  m_Name: main
  m_TagString: Untagged
  m_Icon: {fileID: 0}
  m_NavMeshLayer: 0
  m_StaticEditorFlags: 0
  m_IsActive: 1
--- !u!4 &8038736582619000522
Transform:
  m_ObjectHideFlags: 0
  m_CorrespondingSourceObject: {fileID: 0}
  m_PrefabInstance: {fileID: 0}
  m_PrefabAsset: {fileID: 0}
  m_GameObject: {fileID: 4734669735928337973}
  m_LocalRotation: {x: -0, y: -0, z: -0, w: 1}
  m_LocalPosition: {x: 0, y: 0, z: 0}
  m_LocalScale: {x: 1, y: 1, z: 1}
  m_ConstrainProportionsScale: 0
  m_Children: []
  m_Father: {fileID: 3612882745377647890}
  m_RootOrder: 4
  m_LocalEulerAnglesHint: {x: 0, y: 0, z: 0}
--- !u!137 &1747257613824960122
SkinnedMeshRenderer:
  m_ObjectHideFlags: 0
  m_CorrespondingSourceObject: {fileID: 0}
  m_PrefabInstance: {fileID: 0}
  m_PrefabAsset: {fileID: 0}
  m_GameObject: {fileID: 4734669735928337973}
  m_Enabled: 1
  m_CastShadows: 1
  m_ReceiveShadows: 1
  m_DynamicOccludee: 1
  m_StaticShadowCaster: 0
  m_MotionVectors: 1
  m_LightProbeUsage: 1
  m_ReflectionProbeUsage: 1
  m_RayTracingMode: 3
  m_RayTraceProcedural: 0
  m_RenderingLayerMask: 1
  m_RendererPriority: 0
  m_Materials:
  - {fileID: 2100000, guid: 5cf3aae2653ac264f9462b13214c485f, type: 2}
  - {fileID: 2100000, guid: dac50c542e4dee4458cbdc1afa1ca4c9, type: 2}
  m_StaticBatchInfo:
    firstSubMesh: 0
    subMeshCount: 0
  m_StaticBatchRoot: {fileID: 0}
  m_ProbeAnchor: {fileID: 0}
  m_LightProbeVolumeOverride: {fileID: 0}
  m_ScaleInLightmap: 1
  m_ReceiveGI: 1
  m_PreserveUVs: 0
  m_IgnoreNormalsForChartDetection: 0
  m_ImportantGI: 0
  m_StitchLightmapSeams: 1
  m_SelectedEditorRenderState: 3
  m_MinimumChartSize: 4
  m_AutoUVMaxDistance: 0.5
  m_AutoUVMaxAngle: 89
  m_LightmapParameters: {fileID: 0}
  m_SortingLayerID: 0
  m_SortingLayer: 0
  m_SortingOrder: 0
  serializedVersion: 2
  m_Quality: 0
  m_UpdateWhenOffscreen: 0
  m_SkinnedMotionVectors: 1
  m_Mesh: {fileID: 1344337027531075907, guid: 688f59c1aa1d2404aa598f1587461a75, type: 3}
  m_Bones:
  - {fileID: 6568091101460360280}
  - {fileID: 3930249801257554077}
  - {fileID: 7749834796086356703}
  - {fileID: 3097548980027975348}
  - {fileID: 6025388990084589543}
  - {fileID: 5669568247706300216}
  - {fileID: 9116933314218147606}
  - {fileID: 3795522497850842639}
  - {fileID: 1579333630252573049}
  - {fileID: 6849397049658572640}
  - {fileID: 7629091313241066873}
  - {fileID: 1506554246491049777}
  - {fileID: 8158254806507760239}
  - {fileID: 613596999478548557}
  - {fileID: 6061771870111007881}
  - {fileID: 5629232571752900898}
  - {fileID: 5533521137641610123}
  - {fileID: 3489331691710874549}
  - {fileID: 2544535495349531030}
  - {fileID: 3356843003271055958}
  - {fileID: 7036732718656884685}
  - {fileID: 5353888064797876072}
  - {fileID: 8337964512781381583}
  - {fileID: 2048340515888050192}
  - {fileID: 786765844861171231}
  - {fileID: 2287666887570277472}
  m_BlendShapeWeights: []
  m_RootBone: {fileID: 6568091101460360280}
  m_AABB:
    m_Center: {x: 0.0047618747, y: 0.39713335, z: -0.25992602}
    m_Extent: {x: 0.65000206, y: 0.87476003, z: 0.6533594}
  m_DirtyAABB: 0
--- !u!1 &4912772474918334101
GameObject:
  m_ObjectHideFlags: 0
  m_CorrespondingSourceObject: {fileID: 0}
  m_PrefabInstance: {fileID: 0}
  m_PrefabAsset: {fileID: 0}
  serializedVersion: 6
  m_Component:
  - component: {fileID: 8337964512781381583}
  m_Layer: 0
  m_Name: head
  m_TagString: Untagged
  m_Icon: {fileID: 0}
  m_NavMeshLayer: 0
  m_StaticEditorFlags: 0
  m_IsActive: 1
--- !u!4 &8337964512781381583
Transform:
  m_ObjectHideFlags: 0
  m_CorrespondingSourceObject: {fileID: 0}
  m_PrefabInstance: {fileID: 0}
  m_PrefabAsset: {fileID: 0}
  m_GameObject: {fileID: 4912772474918334101}
  m_LocalRotation: {x: 0.018747905, y: -0, z: -0, w: 0.9998242}
  m_LocalPosition: {x: -0, y: 0.06644494, z: -0.0000014720271}
  m_LocalScale: {x: 1, y: 0.9999994, z: 1.000001}
  m_ConstrainProportionsScale: 0
  m_Children:
  - {fileID: 7660173358967654277}
  - {fileID: 8125138772438403489}
  - {fileID: 2223112678412541719}
  m_Father: {fileID: 630828236576307300}
  m_RootOrder: 0
  m_LocalEulerAnglesHint: {x: 0.42786074, y: -0.81375784, z: -0.4433351}
--- !u!1 &4946264865647824325
GameObject:
  m_ObjectHideFlags: 0
  m_CorrespondingSourceObject: {fileID: 0}
  m_PrefabInstance: {fileID: 0}
  m_PrefabAsset: {fileID: 0}
  serializedVersion: 6
  m_Component:
  - component: {fileID: 1613228968083731236}
  - component: {fileID: 8297221687046087136}
  m_Layer: 0
  m_Name: eyes
  m_TagString: Untagged
  m_Icon: {fileID: 0}
  m_NavMeshLayer: 0
  m_StaticEditorFlags: 0
  m_IsActive: 1
--- !u!4 &1613228968083731236
Transform:
  m_ObjectHideFlags: 0
  m_CorrespondingSourceObject: {fileID: 0}
  m_PrefabInstance: {fileID: 0}
  m_PrefabAsset: {fileID: 0}
  m_GameObject: {fileID: 4946264865647824325}
  m_LocalRotation: {x: -0, y: -0, z: -0, w: 1}
  m_LocalPosition: {x: 0, y: 0, z: 0}
  m_LocalScale: {x: 1, y: 1, z: 1}
  m_ConstrainProportionsScale: 0
  m_Children: []
  m_Father: {fileID: 3612882745377647890}
  m_RootOrder: 2
  m_LocalEulerAnglesHint: {x: 0, y: 0, z: 0}
--- !u!137 &8297221687046087136
SkinnedMeshRenderer:
  m_ObjectHideFlags: 0
  m_CorrespondingSourceObject: {fileID: 0}
  m_PrefabInstance: {fileID: 0}
  m_PrefabAsset: {fileID: 0}
  m_GameObject: {fileID: 4946264865647824325}
  m_Enabled: 1
  m_CastShadows: 1
  m_ReceiveShadows: 1
  m_DynamicOccludee: 1
  m_StaticShadowCaster: 0
  m_MotionVectors: 1
  m_LightProbeUsage: 1
  m_ReflectionProbeUsage: 1
  m_RayTracingMode: 3
  m_RayTraceProcedural: 0
  m_RenderingLayerMask: 1
  m_RendererPriority: 0
  m_Materials:
  - {fileID: 2100000, guid: da72e0b64dbcd8e4093858eec51e4e30, type: 2}
  m_StaticBatchInfo:
    firstSubMesh: 0
    subMeshCount: 0
  m_StaticBatchRoot: {fileID: 0}
  m_ProbeAnchor: {fileID: 0}
  m_LightProbeVolumeOverride: {fileID: 0}
  m_ScaleInLightmap: 1
  m_ReceiveGI: 1
  m_PreserveUVs: 0
  m_IgnoreNormalsForChartDetection: 0
  m_ImportantGI: 0
  m_StitchLightmapSeams: 1
  m_SelectedEditorRenderState: 3
  m_MinimumChartSize: 4
  m_AutoUVMaxDistance: 0.5
  m_AutoUVMaxAngle: 89
  m_LightmapParameters: {fileID: 0}
  m_SortingLayerID: 0
  m_SortingLayer: 0
  m_SortingOrder: 0
  serializedVersion: 2
  m_Quality: 0
  m_UpdateWhenOffscreen: 0
  m_SkinnedMotionVectors: 1
  m_Mesh: {fileID: -1143595986606948581, guid: 688f59c1aa1d2404aa598f1587461a75, type: 3}
  m_Bones:
  - {fileID: 8337964512781381583}
  m_BlendShapeWeights: []
  m_RootBone: {fileID: 8337964512781381583}
  m_AABB:
    m_Center: {x: 0, y: 0.33519068, z: 0.18852037}
    m_Extent: {x: 0.34992793, y: 0.12750998, z: 0.16406709}
  m_DirtyAABB: 0
--- !u!1 &4970640019753181558
GameObject:
  m_ObjectHideFlags: 0
  m_CorrespondingSourceObject: {fileID: 0}
  m_PrefabInstance: {fileID: 0}
  m_PrefabAsset: {fileID: 0}
  serializedVersion: 6
  m_Component:
  - component: {fileID: 5353888064797876072}
  m_Layer: 0
  m_Name: leg.R
  m_TagString: Untagged
  m_Icon: {fileID: 0}
  m_NavMeshLayer: 0
  m_StaticEditorFlags: 0
  m_IsActive: 1
--- !u!4 &5353888064797876072
Transform:
  m_ObjectHideFlags: 0
  m_CorrespondingSourceObject: {fileID: 0}
  m_PrefabInstance: {fileID: 0}
  m_PrefabAsset: {fileID: 0}
  m_GameObject: {fileID: 4970640019753181558}
  m_LocalRotation: {x: 0.9932334, y: -0, z: 0, w: 0.116135456}
  m_LocalPosition: {x: 0.22704901, y: 0.024733206, z: 0.03782314}
  m_LocalScale: {x: 1, y: 1.0000001, z: 0.9999973}
  m_ConstrainProportionsScale: 0
  m_Children: []
  m_Father: {fileID: 1457867619255328584}
  m_RootOrder: 1
  m_LocalEulerAnglesHint: {x: 24.160141, y: 180, z: 180}
--- !u!1 &5055294447369548972
GameObject:
  m_ObjectHideFlags: 0
  m_CorrespondingSourceObject: {fileID: 0}
  m_PrefabInstance: {fileID: 0}
  m_PrefabAsset: {fileID: 0}
  serializedVersion: 6
  m_Component:
  - component: {fileID: 3489331691710874549}
  m_Layer: 0
  m_Name: tail_2
  m_TagString: Untagged
  m_Icon: {fileID: 0}
  m_NavMeshLayer: 0
  m_StaticEditorFlags: 0
  m_IsActive: 1
--- !u!4 &3489331691710874549
Transform:
  m_ObjectHideFlags: 0
  m_CorrespondingSourceObject: {fileID: 0}
  m_PrefabInstance: {fileID: 0}
  m_PrefabAsset: {fileID: 0}
  m_GameObject: {fileID: 5055294447369548972}
  m_LocalRotation: {x: 0.05787455, y: -0.0000802007, z: -0.06864893, w: 0.9959608}
  m_LocalPosition: {x: -0.00000083645836, y: 0.13708168, z: -0.00000072239766}
  m_LocalScale: {x: 1.0000002, y: 0.99999624, z: 1.0000037}
  m_ConstrainProportionsScale: 0
  m_Children:
  - {fileID: 2544535495349531030}
  m_Father: {fileID: 5533521137641610123}
  m_RootOrder: 0
  m_LocalEulerAnglesHint: {x: 6.641435, y: -0.44553488, z: -7.6255198}
--- !u!1 &5628557705406322041
GameObject:
  m_ObjectHideFlags: 0
  m_CorrespondingSourceObject: {fileID: 0}
  m_PrefabInstance: {fileID: 0}
  m_PrefabAsset: {fileID: 0}
  serializedVersion: 6
  m_Component:
  - component: {fileID: 5533521137641610123}
  m_Layer: 0
  m_Name: tail_1
  m_TagString: Untagged
  m_Icon: {fileID: 0}
  m_NavMeshLayer: 0
  m_StaticEditorFlags: 0
  m_IsActive: 1
--- !u!4 &5533521137641610123
Transform:
  m_ObjectHideFlags: 0
  m_CorrespondingSourceObject: {fileID: 0}
  m_PrefabInstance: {fileID: 0}
  m_PrefabAsset: {fileID: 0}
  m_GameObject: {fileID: 5628557705406322041}
  m_LocalRotation: {x: 0.057861935, y: 0.007864685, z: -0.068196796, w: 0.99596155}
  m_LocalPosition: {x: -0.00000013874386, y: 0.13708079, z: 0.000000647489}
  m_LocalScale: {x: 0.99999964, y: 0.9999935, z: 1.0000069}
  m_ConstrainProportionsScale: 0
  m_Children:
  - {fileID: 3489331691710874549}
  m_Father: {fileID: 1481766711468426454}
  m_RootOrder: 0
  m_LocalEulerAnglesHint: {x: 6.6342993, y: 0.44275472, z: -7.485653}
--- !u!1 &5669987849602934372
GameObject:
  m_ObjectHideFlags: 0
  m_CorrespondingSourceObject: {fileID: 0}
  m_PrefabInstance: {fileID: 0}
  m_PrefabAsset: {fileID: 0}
  serializedVersion: 6
  m_Component:
  - component: {fileID: 1506554246491049777}
  m_Layer: 0
  m_Name: forearm.L
  m_TagString: Untagged
  m_Icon: {fileID: 0}
  m_NavMeshLayer: 0
  m_StaticEditorFlags: 0
  m_IsActive: 1
--- !u!4 &1506554246491049777
Transform:
  m_ObjectHideFlags: 0
  m_CorrespondingSourceObject: {fileID: 0}
  m_PrefabInstance: {fileID: 0}
  m_PrefabAsset: {fileID: 0}
  m_GameObject: {fileID: 5669987849602934372}
  m_LocalRotation: {x: 0.1821343, y: 0.04263074, z: 0.13136058, w: 0.97352666}
  m_LocalPosition: {x: -0.000027878756, y: 0.2899101, z: 0.00000026850117}
  m_LocalScale: {x: 0.99997574, y: 1.0000253, z: 0.99999934}
  m_ConstrainProportionsScale: 0
  m_Children: []
  m_Father: {fileID: 7629091313241066873}
  m_RootOrder: 0
  m_LocalEulerAnglesHint: {x: 20.266628, y: 6.9991665, z: 7.6683645}
--- !u!1 &6091490743913821202
GameObject:
  m_ObjectHideFlags: 0
  m_CorrespondingSourceObject: {fileID: 0}
  m_PrefabInstance: {fileID: 0}
  m_PrefabAsset: {fileID: 0}
  serializedVersion: 6
  m_Component:
  - component: {fileID: 1457867619255328584}
  m_Layer: 0
  m_Name: spine
  m_TagString: Untagged
  m_Icon: {fileID: 0}
  m_NavMeshLayer: 0
  m_StaticEditorFlags: 0
  m_IsActive: 1
--- !u!4 &1457867619255328584
Transform:
  m_ObjectHideFlags: 0
  m_CorrespondingSourceObject: {fileID: 0}
  m_PrefabInstance: {fileID: 0}
  m_PrefabAsset: {fileID: 0}
  m_GameObject: {fileID: 6091490743913821202}
  m_LocalRotation: {x: 0.12581939, y: -0, z: -0, w: 0.99205315}
  m_LocalPosition: {x: 0, y: 0.033077486, z: -0.0062650437}
  m_LocalScale: {x: 1, y: 1, z: 1}
  m_ConstrainProportionsScale: 0
  m_Children:
  - {fileID: 7036732718656884685}
  - {fileID: 5353888064797876072}
  - {fileID: 6568091101460360280}
  m_Father: {fileID: 3612882745377647890}
  m_RootOrder: 6
  m_LocalEulerAnglesHint: {x: 14.456155, y: 0, z: 0}
--- !u!1 &6525988513038513497
GameObject:
  m_ObjectHideFlags: 0
  m_CorrespondingSourceObject: {fileID: 0}
  m_PrefabInstance: {fileID: 0}
  m_PrefabAsset: {fileID: 0}
  serializedVersion: 6
  m_Component:
  - component: {fileID: 292070965173950423}
  - component: {fileID: 2597240504333023989}
  m_Layer: 0
  m_Name: hat
  m_TagString: Untagged
  m_Icon: {fileID: 0}
  m_NavMeshLayer: 0
  m_StaticEditorFlags: 0
  m_IsActive: 1
--- !u!4 &292070965173950423
Transform:
  m_ObjectHideFlags: 0
  m_CorrespondingSourceObject: {fileID: 0}
  m_PrefabInstance: {fileID: 0}
  m_PrefabAsset: {fileID: 0}
  m_GameObject: {fileID: 6525988513038513497}
  m_LocalRotation: {x: -0, y: -0, z: -0, w: 1}
  m_LocalPosition: {x: 0, y: 0, z: 0}
  m_LocalScale: {x: 1, y: 1, z: 1}
  m_ConstrainProportionsScale: 0
  m_Children: []
  m_Father: {fileID: 3612882745377647890}
  m_RootOrder: 3
  m_LocalEulerAnglesHint: {x: 0, y: 0, z: 0}
--- !u!137 &2597240504333023989
SkinnedMeshRenderer:
  m_ObjectHideFlags: 0
  m_CorrespondingSourceObject: {fileID: 0}
  m_PrefabInstance: {fileID: 0}
  m_PrefabAsset: {fileID: 0}
  m_GameObject: {fileID: 6525988513038513497}
  m_Enabled: 1
  m_CastShadows: 1
  m_ReceiveShadows: 1
  m_DynamicOccludee: 1
  m_StaticShadowCaster: 0
  m_MotionVectors: 1
  m_LightProbeUsage: 1
  m_ReflectionProbeUsage: 1
  m_RayTracingMode: 3
  m_RayTraceProcedural: 0
  m_RenderingLayerMask: 1
  m_RendererPriority: 0
  m_Materials:
  - {fileID: 2100000, guid: 2e62fc5c7af348549a832d8276a1f3ff, type: 2}
  - {fileID: 2100000, guid: 85977da2ae150d347aaa021b5d0ca72d, type: 2}
  m_StaticBatchInfo:
    firstSubMesh: 0
    subMeshCount: 0
  m_StaticBatchRoot: {fileID: 0}
  m_ProbeAnchor: {fileID: 0}
  m_LightProbeVolumeOverride: {fileID: 0}
  m_ScaleInLightmap: 1
  m_ReceiveGI: 1
  m_PreserveUVs: 0
  m_IgnoreNormalsForChartDetection: 0
  m_ImportantGI: 0
  m_StitchLightmapSeams: 1
  m_SelectedEditorRenderState: 3
  m_MinimumChartSize: 4
  m_AutoUVMaxDistance: 0.5
  m_AutoUVMaxAngle: 89
  m_LightmapParameters: {fileID: 0}
  m_SortingLayerID: 0
  m_SortingLayer: 0
  m_SortingOrder: 0
  serializedVersion: 2
  m_Quality: 0
  m_UpdateWhenOffscreen: 0
  m_SkinnedMotionVectors: 1
  m_Mesh: {fileID: 5402264371549399530, guid: 688f59c1aa1d2404aa598f1587461a75, type: 3}
  m_Bones:
  - {fileID: 8337964512781381583}
  m_BlendShapeWeights: []
  m_RootBone: {fileID: 8337964512781381583}
  m_AABB:
    m_Center: {x: -0.000036478043, y: 0.4365471, z: -0.11617127}
    m_Extent: {x: 0.52185506, y: 0.27329534, z: 0.47965804}
  m_DirtyAABB: 0
--- !u!1 &6656717875481243605
GameObject:
  m_ObjectHideFlags: 0
  m_CorrespondingSourceObject: {fileID: 0}
  m_PrefabInstance: {fileID: 0}
  m_PrefabAsset: {fileID: 0}
  serializedVersion: 6
  m_Component:
  - component: {fileID: 2494526144297998445}
  - component: {fileID: 8175334518135710162}
  m_Layer: 0
  m_Name: collar
  m_TagString: Untagged
  m_Icon: {fileID: 0}
  m_NavMeshLayer: 0
  m_StaticEditorFlags: 0
  m_IsActive: 1
--- !u!4 &2494526144297998445
Transform:
  m_ObjectHideFlags: 0
  m_CorrespondingSourceObject: {fileID: 0}
  m_PrefabInstance: {fileID: 0}
  m_PrefabAsset: {fileID: 0}
  m_GameObject: {fileID: 6656717875481243605}
  m_LocalRotation: {x: -0, y: -0, z: -0, w: 1}
  m_LocalPosition: {x: 0, y: 0, z: 0}
  m_LocalScale: {x: 1, y: 1, z: 1}
  m_ConstrainProportionsScale: 0
  m_Children: []
  m_Father: {fileID: 3612882745377647890}
  m_RootOrder: 1
  m_LocalEulerAnglesHint: {x: 0, y: 0, z: 0}
--- !u!137 &8175334518135710162
SkinnedMeshRenderer:
  m_ObjectHideFlags: 0
  m_CorrespondingSourceObject: {fileID: 0}
  m_PrefabInstance: {fileID: 0}
  m_PrefabAsset: {fileID: 0}
  m_GameObject: {fileID: 6656717875481243605}
  m_Enabled: 1
  m_CastShadows: 1
  m_ReceiveShadows: 1
  m_DynamicOccludee: 1
  m_StaticShadowCaster: 0
  m_MotionVectors: 1
  m_LightProbeUsage: 1
  m_ReflectionProbeUsage: 1
  m_RayTracingMode: 3
  m_RayTraceProcedural: 0
  m_RenderingLayerMask: 1
  m_RendererPriority: 0
  m_Materials:
  - {fileID: 2100000, guid: 28bcdd57574cb24429c295a25abcc26e, type: 2}
  m_StaticBatchInfo:
    firstSubMesh: 0
    subMeshCount: 0
  m_StaticBatchRoot: {fileID: 0}
  m_ProbeAnchor: {fileID: 0}
  m_LightProbeVolumeOverride: {fileID: 0}
  m_ScaleInLightmap: 1
  m_ReceiveGI: 1
  m_PreserveUVs: 0
  m_IgnoreNormalsForChartDetection: 0
  m_ImportantGI: 0
  m_StitchLightmapSeams: 1
  m_SelectedEditorRenderState: 3
  m_MinimumChartSize: 4
  m_AutoUVMaxDistance: 0.5
  m_AutoUVMaxAngle: 89
  m_LightmapParameters: {fileID: 0}
  m_SortingLayerID: 0
  m_SortingLayer: 0
  m_SortingOrder: 0
  serializedVersion: 2
  m_Quality: 0
  m_UpdateWhenOffscreen: 0
  m_SkinnedMotionVectors: 1
  m_Mesh: {fileID: 7371505764856802642, guid: 688f59c1aa1d2404aa598f1587461a75, type: 3}
  m_Bones:
  - {fileID: 630828236576307300}
  m_BlendShapeWeights: []
  m_RootBone: {fileID: 630828236576307300}
  m_AABB:
    m_Center: {x: 0, y: 0.01814929, z: 0.010805622}
    m_Extent: {x: 0.26797545, y: 0.06074063, z: 0.22832344}
  m_DirtyAABB: 0
--- !u!1 &7176560017851033884
GameObject:
  m_ObjectHideFlags: 0
  m_CorrespondingSourceObject: {fileID: 0}
  m_PrefabInstance: {fileID: 0}
  m_PrefabAsset: {fileID: 0}
  serializedVersion: 6
  m_Component:
  - component: {fileID: 3097548980027975348}
  m_Layer: 0
  m_Name: ear_2_L
  m_TagString: Untagged
  m_Icon: {fileID: 0}
  m_NavMeshLayer: 0
  m_StaticEditorFlags: 0
  m_IsActive: 1
--- !u!4 &3097548980027975348
Transform:
  m_ObjectHideFlags: 0
  m_CorrespondingSourceObject: {fileID: 0}
  m_PrefabInstance: {fileID: 0}
  m_PrefabAsset: {fileID: 0}
  m_GameObject: {fileID: 7176560017851033884}
  m_LocalRotation: {x: 0.0037021446, y: 0.0000005601524, z: 0.03310972, w: 0.9994449}
  m_LocalPosition: {x: -0.000006952033, y: 0.07417577, z: -0.0000015880572}
  m_LocalScale: {x: 0.9999936, y: 1.0000058, z: 0.9999994}
  m_ConstrainProportionsScale: 0
  m_Children:
  - {fileID: 6025388990084589543}
  m_Father: {fileID: 7749834796086356703}
  m_RootOrder: 0
  m_LocalEulerAnglesHint: {x: -10.768279, y: -6.187428, z: 6.185314}
--- !u!1 &8186019111560080139
GameObject:
  m_ObjectHideFlags: 0
  m_CorrespondingSourceObject: {fileID: 0}
  m_PrefabInstance: {fileID: 0}
  m_PrefabAsset: {fileID: 0}
  serializedVersion: 6
  m_Component:
  - component: {fileID: 7910739721615762756}
  m_Layer: 0
  m_Name: bag_helper
  m_TagString: Untagged
  m_Icon: {fileID: 0}
  m_NavMeshLayer: 0
  m_StaticEditorFlags: 0
  m_IsActive: 1
--- !u!4 &7910739721615762756
Transform:
  m_ObjectHideFlags: 0
  m_CorrespondingSourceObject: {fileID: 0}
  m_PrefabInstance: {fileID: 0}
  m_PrefabAsset: {fileID: 0}
  m_GameObject: {fileID: 8186019111560080139}
  m_LocalRotation: {x: -0.67429304, y: 0, z: -0, w: 0.7384639}
  m_LocalPosition: {x: -0, y: 0.21322675, z: 0.0000057964144}
  m_LocalScale: {x: 1, y: 0.9999966, z: 1.0000029}
  m_ConstrainProportionsScale: 0
  m_Children:
  - {fileID: 3143497990553115069}
  m_Father: {fileID: 5629232571752900898}
  m_RootOrder: 0
  m_LocalEulerAnglesHint: {x: -84.70145, y: 4.806182e-16, z: -2.6640962e-16}
--- !u!1 &8243899144190913126
GameObject:
  m_ObjectHideFlags: 0
  m_CorrespondingSourceObject: {fileID: 0}
  m_PrefabInstance: {fileID: 0}
  m_PrefabAsset: {fileID: 0}
  serializedVersion: 6
  m_Component:
  - component: {fileID: 3539463011164955829}
  m_Layer: 0
  m_Name: bag_3
  m_TagString: Untagged
  m_Icon: {fileID: 0}
  m_NavMeshLayer: 0
  m_StaticEditorFlags: 0
  m_IsActive: 1
--- !u!4 &3539463011164955829
Transform:
  m_ObjectHideFlags: 0
  m_CorrespondingSourceObject: {fileID: 0}
  m_PrefabInstance: {fileID: 0}
  m_PrefabAsset: {fileID: 0}
  m_GameObject: {fileID: 8243899144190913126}
  m_LocalRotation: {x: -0.09733654, y: 0, z: -0, w: 0.99525154}
  m_LocalPosition: {x: -0, y: 0.22239405, z: -0.000011456392}
  m_LocalScale: {x: 1, y: 1.0000118, z: 0.9999869}
  m_ConstrainProportionsScale: 0
  m_Children: []
  m_Father: {fileID: 4777806594654612117}
  m_RootOrder: 0
  m_LocalEulerAnglesHint: {x: -10.314835, y: 2.1927378, z: 6.9309254}
--- !u!1 &8376100220131734795
GameObject:
  m_ObjectHideFlags: 0
  m_CorrespondingSourceObject: {fileID: 0}
  m_PrefabInstance: {fileID: 0}
  m_PrefabAsset: {fileID: 0}
  serializedVersion: 6
  m_Component:
  - component: {fileID: 3143497990553115069}
  m_Layer: 0
  m_Name: bag_1
  m_TagString: Untagged
  m_Icon: {fileID: 0}
  m_NavMeshLayer: 0
  m_StaticEditorFlags: 0
  m_IsActive: 1
--- !u!4 &3143497990553115069
Transform:
  m_ObjectHideFlags: 0
  m_CorrespondingSourceObject: {fileID: 0}
  m_PrefabInstance: {fileID: 0}
  m_PrefabAsset: {fileID: 0}
  m_GameObject: {fileID: 8376100220131734795}
  m_LocalRotation: {x: -0.368392, y: 0, z: -0, w: 0.9296706}
  m_LocalPosition: {x: -0, y: 0.31718916, z: 0.00000020729517}
  m_LocalScale: {x: 1, y: 1.0000061, z: 0.9999946}
  m_ConstrainProportionsScale: 0
  m_Children:
  - {fileID: 4777806594654612117}
  m_Father: {fileID: 7910739721615762756}
  m_RootOrder: 0
  m_LocalEulerAnglesHint: {x: -42.915176, y: 0.000021016598, z: -0.0000025633346}
--- !u!1 &8416370213271899859
GameObject:
  m_ObjectHideFlags: 0
  m_CorrespondingSourceObject: {fileID: 0}
  m_PrefabInstance: {fileID: 0}
  m_PrefabAsset: {fileID: 0}
  serializedVersion: 6
  m_Component:
  - component: {fileID: 5002520749318972863}
  - component: {fileID: 8942846355313800157}
  m_Layer: 0
  m_Name: straps
  m_TagString: Untagged
  m_Icon: {fileID: 0}
  m_NavMeshLayer: 0
  m_StaticEditorFlags: 0
  m_IsActive: 1
--- !u!4 &5002520749318972863
Transform:
  m_ObjectHideFlags: 0
  m_CorrespondingSourceObject: {fileID: 0}
  m_PrefabInstance: {fileID: 0}
  m_PrefabAsset: {fileID: 0}
  m_GameObject: {fileID: 8416370213271899859}
  m_LocalRotation: {x: -0, y: -0, z: -0, w: 1}
  m_LocalPosition: {x: 0, y: 0, z: 0}
  m_LocalScale: {x: 1, y: 1, z: 1}
  m_ConstrainProportionsScale: 0
  m_Children: []
  m_Father: {fileID: 3612882745377647890}
  m_RootOrder: 7
  m_LocalEulerAnglesHint: {x: 0, y: 0, z: 0}
--- !u!137 &8942846355313800157
SkinnedMeshRenderer:
  m_ObjectHideFlags: 0
  m_CorrespondingSourceObject: {fileID: 0}
  m_PrefabInstance: {fileID: 0}
  m_PrefabAsset: {fileID: 0}
  m_GameObject: {fileID: 8416370213271899859}
  m_Enabled: 1
  m_CastShadows: 1
  m_ReceiveShadows: 1
  m_DynamicOccludee: 1
  m_StaticShadowCaster: 0
  m_MotionVectors: 1
  m_LightProbeUsage: 1
  m_ReflectionProbeUsage: 1
  m_RayTracingMode: 3
  m_RayTraceProcedural: 0
  m_RenderingLayerMask: 1
  m_RendererPriority: 0
  m_Materials:
  - {fileID: 2100000, guid: ab4c2c4fdeb0e3240b69c41e9a4028ed, type: 2}
  m_StaticBatchInfo:
    firstSubMesh: 0
    subMeshCount: 0
  m_StaticBatchRoot: {fileID: 0}
  m_ProbeAnchor: {fileID: 0}
  m_LightProbeVolumeOverride: {fileID: 0}
  m_ScaleInLightmap: 1
  m_ReceiveGI: 1
  m_PreserveUVs: 0
  m_IgnoreNormalsForChartDetection: 0
  m_ImportantGI: 0
  m_StitchLightmapSeams: 1
  m_SelectedEditorRenderState: 3
  m_MinimumChartSize: 4
  m_AutoUVMaxDistance: 0.5
  m_AutoUVMaxAngle: 89
  m_LightmapParameters: {fileID: 0}
  m_SortingLayerID: 0
  m_SortingLayer: 0
  m_SortingOrder: 0
  serializedVersion: 2
  m_Quality: 0
  m_UpdateWhenOffscreen: 0
  m_SkinnedMotionVectors: 1
  m_Mesh: {fileID: -5652358854711953939, guid: 688f59c1aa1d2404aa598f1587461a75, type: 3}
  m_Bones:
  - {fileID: 1579333630252573049}
  - {fileID: 6849397049658572640}
  - {fileID: 7629091313241066873}
  - {fileID: 8158254806507760239}
  - {fileID: 613596999478548557}
  - {fileID: 3143497990553115069}
  - {fileID: 4777806594654612117}
  - {fileID: 3539463011164955829}
  - {fileID: 5629232571752900898}
  m_BlendShapeWeights: []
  m_RootBone: {fileID: 6849397049658572640}
  m_AABB:
    m_Center: {x: 0.002326876, y: 0.1593689, z: -0.063653335}
    m_Extent: {x: 0.496592, y: 0.33273932, z: 0.27536345}
  m_DirtyAABB: 0
--- !u!1 &8514238955730959652
GameObject:
  m_ObjectHideFlags: 0
  m_CorrespondingSourceObject: {fileID: 0}
  m_PrefabInstance: {fileID: 0}
  m_PrefabAsset: {fileID: 0}
  serializedVersion: 6
  m_Component:
  - component: {fileID: 3356843003271055958}
  m_Layer: 0
  m_Name: tail_4
  m_TagString: Untagged
  m_Icon: {fileID: 0}
  m_NavMeshLayer: 0
  m_StaticEditorFlags: 0
  m_IsActive: 1
--- !u!4 &3356843003271055958
Transform:
  m_ObjectHideFlags: 0
  m_CorrespondingSourceObject: {fileID: 0}
  m_PrefabInstance: {fileID: 0}
  m_PrefabAsset: {fileID: 0}
  m_GameObject: {fileID: 8514238955730959652}
  m_LocalRotation: {x: 0.05789444, y: -0.015855575, z: -0.066793256, w: 0.9959596}
  m_LocalPosition: {x: 0.00000004989989, y: 0.13708116, z: -0.000000478571}
  m_LocalScale: {x: 1.0000001, y: 1.0000025, z: 0.9999985}
  m_ConstrainProportionsScale: 0
  m_Children: []
  m_Father: {fileID: 2544535495349531030}
  m_RootOrder: 0
  m_LocalEulerAnglesHint: {x: 6.4847307, y: -2.1806114, z: -7.538202}
--- !u!1 &8549803850436560296
GameObject:
  m_ObjectHideFlags: 0
  m_CorrespondingSourceObject: {fileID: 0}
  m_PrefabInstance: {fileID: 0}
  m_PrefabAsset: {fileID: 0}
  serializedVersion: 6
  m_Component:
  - component: {fileID: 6568091101460360280}
  m_Layer: 0
  m_Name: spine.001
  m_TagString: Untagged
  m_Icon: {fileID: 0}
  m_NavMeshLayer: 0
  m_StaticEditorFlags: 0
  m_IsActive: 1
--- !u!4 &6568091101460360280
Transform:
  m_ObjectHideFlags: 0
  m_CorrespondingSourceObject: {fileID: 0}
  m_PrefabInstance: {fileID: 0}
  m_PrefabAsset: {fileID: 0}
  m_GameObject: {fileID: 8549803850436560296}
  m_LocalRotation: {x: -0.064505294, y: 0, z: -0, w: 0.99791735}
  m_LocalPosition: {x: -0, y: 0.1522194, z: 0.00000008421406}
  m_LocalScale: {x: 1, y: 1.0001009, z: 1.0000014}
  m_ConstrainProportionsScale: 0
  m_Children:
  - {fileID: 6849397049658572640}
  - {fileID: 1481766711468426454}
  m_Father: {fileID: 1457867619255328584}
  m_RootOrder: 2
  m_LocalEulerAnglesHint: {x: -8.635008, y: 2.9326758, z: -1.2838291}
--- !u!1 &8702362303020197530
GameObject:
  m_ObjectHideFlags: 0
  m_CorrespondingSourceObject: {fileID: 0}
  m_PrefabInstance: {fileID: 0}
  m_PrefabAsset: {fileID: 0}
  serializedVersion: 6
  m_Component:
  - component: {fileID: 2223112678412541719}
  m_Layer: 0
  m_Name: nose_helper
  m_TagString: Untagged
  m_Icon: {fileID: 0}
  m_NavMeshLayer: 0
  m_StaticEditorFlags: 0
  m_IsActive: 1
--- !u!4 &2223112678412541719
Transform:
  m_ObjectHideFlags: 0
  m_CorrespondingSourceObject: {fileID: 0}
  m_PrefabInstance: {fileID: 0}
  m_PrefabAsset: {fileID: 0}
  m_GameObject: {fileID: 8702362303020197530}
  m_LocalRotation: {x: 0.5554491, y: -0.00000037537984, z: -0.00000033021735, w: 0.83155054}
  m_LocalPosition: {x: -0, y: 0.12065092, z: -0.000002664132}
  m_LocalScale: {x: 1, y: 0.99999046, z: 1.0000097}
  m_ConstrainProportionsScale: 0
  m_Children:
  - {fileID: 9116933314218147606}
  m_Father: {fileID: 8337964512781381583}
  m_RootOrder: 2
  m_LocalEulerAnglesHint: {x: 65.93771, y: -0.00020448348, z: -0.00026856942}
--- !u!1 &8762257914203505225
GameObject:
  m_ObjectHideFlags: 0
  m_CorrespondingSourceObject: {fileID: 0}
  m_PrefabInstance: {fileID: 0}
  m_PrefabAsset: {fileID: 0}
  serializedVersion: 6
  m_Component:
  - component: {fileID: 6849397049658572640}
  m_Layer: 0
  m_Name: spine.002
  m_TagString: Untagged
  m_Icon: {fileID: 0}
  m_NavMeshLayer: 0
  m_StaticEditorFlags: 0
  m_IsActive: 1
--- !u!4 &6849397049658572640
Transform:
  m_ObjectHideFlags: 0
  m_CorrespondingSourceObject: {fileID: 0}
  m_PrefabInstance: {fileID: 0}
  m_PrefabAsset: {fileID: 0}
  m_GameObject: {fileID: 8762257914203505225}
  m_LocalRotation: {x: -0.077507734, y: 0, z: -0, w: 0.99699175}
  m_LocalPosition: {x: -0, y: 0.13663706, z: 0.00000017776519}
  m_LocalScale: {x: 1, y: 0.99999964, z: 0.9999995}
  m_ConstrainProportionsScale: 0
  m_Children:
  - {fileID: 5629232571752900898}
  m_Father: {fileID: 6568091101460360280}
  m_RootOrder: 0
  m_LocalEulerAnglesHint: {x: -10.181721, y: -0.18114859, z: -0.25893563}
--- !u!1 &9017797168564674711
GameObject:
  m_ObjectHideFlags: 0
  m_CorrespondingSourceObject: {fileID: 0}
  m_PrefabInstance: {fileID: 0}
  m_PrefabAsset: {fileID: 0}
  serializedVersion: 6
  m_Component:
  - component: {fileID: 786765844861171231}
  m_Layer: 0
  m_Name: ear_2_R
  m_TagString: Untagged
  m_Icon: {fileID: 0}
  m_NavMeshLayer: 0
  m_StaticEditorFlags: 0
  m_IsActive: 1
--- !u!4 &786765844861171231
Transform:
  m_ObjectHideFlags: 0
  m_CorrespondingSourceObject: {fileID: 0}
  m_PrefabInstance: {fileID: 0}
  m_PrefabAsset: {fileID: 0}
  m_GameObject: {fileID: 9017797168564674711}
  m_LocalRotation: {x: 0.0037021446, y: -0.0000005601524, z: -0.03310972, w: 0.9994449}
  m_LocalPosition: {x: 0.000006952033, y: 0.07417577, z: -0.0000015880572}
  m_LocalScale: {x: 0.9999936, y: 1.0000058, z: 0.9999994}
  m_ConstrainProportionsScale: 0
  m_Children:
  - {fileID: 2287666887570277472}
  m_Father: {fileID: 2048340515888050192}
  m_RootOrder: 0
  m_LocalEulerAnglesHint: {x: -4.4929953, y: 6.043756, z: -1.695579}
--- !u!1 &9187785847351098417
GameObject:
  m_ObjectHideFlags: 0
  m_CorrespondingSourceObject: {fileID: 0}
  m_PrefabInstance: {fileID: 0}
  m_PrefabAsset: {fileID: 0}
  serializedVersion: 6
  m_Component:
  - component: {fileID: 5629232571752900898}
  m_Layer: 0
  m_Name: spine.003
  m_TagString: Untagged
  m_Icon: {fileID: 0}
  m_NavMeshLayer: 0
  m_StaticEditorFlags: 0
  m_IsActive: 1
--- !u!4 &5629232571752900898
Transform:
  m_ObjectHideFlags: 0
  m_CorrespondingSourceObject: {fileID: 0}
  m_PrefabInstance: {fileID: 0}
  m_PrefabAsset: {fileID: 0}
  m_GameObject: {fileID: 9187785847351098417}
  m_LocalRotation: {x: 0.002982023, y: -0, z: -0, w: 0.9999956}
  m_LocalPosition: {x: -0, y: 0.17288804, z: 0.000005258539}
  m_LocalScale: {x: 1, y: 1.0000005, z: 1.0000002}
  m_ConstrainProportionsScale: 0
  m_Children:
  - {fileID: 7910739721615762756}
  - {fileID: 630828236576307300}
  - {fileID: 1579333630252573049}
  - {fileID: 8158254806507760239}
  m_Father: {fileID: 6849397049658572640}
  m_RootOrder: 0
  m_LocalEulerAnglesHint: {x: -0.1252376, y: -0.40582323, z: -0.30079967}
--- !u!1001 &1871245489248075421
PrefabInstance:
  m_ObjectHideFlags: 0
  serializedVersion: 2
  m_Modification:
    m_TransformParent: {fileID: 3930761919344062553}
    m_Modifications:
    - target: {fileID: 155164, guid: 317a90480a411fb439bf2c361271ea8f, type: 3}
      propertyPath: m_Name
      value: StunnedCirclingStars
      objectReference: {fileID: 0}
    - target: {fileID: 155164, guid: 317a90480a411fb439bf2c361271ea8f, type: 3}
      propertyPath: m_IsActive
      value: 0
      objectReference: {fileID: 0}
    - target: {fileID: 498888, guid: 317a90480a411fb439bf2c361271ea8f, type: 3}
      propertyPath: m_RootOrder
      value: 1
      objectReference: {fileID: 0}
    - target: {fileID: 498888, guid: 317a90480a411fb439bf2c361271ea8f, type: 3}
      propertyPath: m_LocalScale.x
      value: 0.11612
      objectReference: {fileID: 0}
    - target: {fileID: 498888, guid: 317a90480a411fb439bf2c361271ea8f, type: 3}
      propertyPath: m_LocalScale.y
      value: 0.11612
      objectReference: {fileID: 0}
    - target: {fileID: 498888, guid: 317a90480a411fb439bf2c361271ea8f, type: 3}
      propertyPath: m_LocalScale.z
      value: 0.11612
      objectReference: {fileID: 0}
    - target: {fileID: 498888, guid: 317a90480a411fb439bf2c361271ea8f, type: 3}
      propertyPath: m_LocalPosition.x
      value: 0
      objectReference: {fileID: 0}
    - target: {fileID: 498888, guid: 317a90480a411fb439bf2c361271ea8f, type: 3}
      propertyPath: m_LocalPosition.y
      value: 0.2042
      objectReference: {fileID: 0}
    - target: {fileID: 498888, guid: 317a90480a411fb439bf2c361271ea8f, type: 3}
      propertyPath: m_LocalPosition.z
      value: 0
      objectReference: {fileID: 0}
    - target: {fileID: 498888, guid: 317a90480a411fb439bf2c361271ea8f, type: 3}
      propertyPath: m_LocalRotation.w
      value: 0.7071067
      objectReference: {fileID: 0}
    - target: {fileID: 498888, guid: 317a90480a411fb439bf2c361271ea8f, type: 3}
      propertyPath: m_LocalRotation.x
      value: -0.7071068
      objectReference: {fileID: 0}
    - target: {fileID: 498888, guid: 317a90480a411fb439bf2c361271ea8f, type: 3}
      propertyPath: m_LocalRotation.y
      value: 0
      objectReference: {fileID: 0}
    - target: {fileID: 498888, guid: 317a90480a411fb439bf2c361271ea8f, type: 3}
      propertyPath: m_LocalRotation.z
      value: 0
      objectReference: {fileID: 0}
    - target: {fileID: 498888, guid: 317a90480a411fb439bf2c361271ea8f, type: 3}
      propertyPath: m_LocalEulerAnglesHint.x
      value: -89.980194
      objectReference: {fileID: 0}
    - target: {fileID: 498888, guid: 317a90480a411fb439bf2c361271ea8f, type: 3}
      propertyPath: m_LocalEulerAnglesHint.y
      value: 0
      objectReference: {fileID: 0}
    - target: {fileID: 498888, guid: 317a90480a411fb439bf2c361271ea8f, type: 3}
      propertyPath: m_LocalEulerAnglesHint.z
      value: 0
      objectReference: {fileID: 0}
    m_RemovedComponents: []
  m_SourcePrefab: {fileID: 100100000, guid: 317a90480a411fb439bf2c361271ea8f, type: 3}
--- !u!4 &1871245489247707733 stripped
Transform:
  m_CorrespondingSourceObject: {fileID: 498888, guid: 317a90480a411fb439bf2c361271ea8f, type: 3}
  m_PrefabInstance: {fileID: 1871245489248075421}
  m_PrefabAsset: {fileID: 0}
--- !u!1 &1871245489247920257 stripped
GameObject:
  m_CorrespondingSourceObject: {fileID: 155164, guid: 317a90480a411fb439bf2c361271ea8f, type: 3}
  m_PrefabInstance: {fileID: 1871245489248075421}
  m_PrefabAsset: {fileID: 0}
--- !u!1001 &3871029469165752501
PrefabInstance:
  m_ObjectHideFlags: 0
  serializedVersion: 2
  m_Modification:
    m_TransformParent: {fileID: 3930761919344062553}
    m_Modifications:
    - target: {fileID: 2701422992406867375, guid: 406b3aa286c72cc44bf35c866a300b37, type: 3}
      propertyPath: m_Materials.Array.size
      value: 1
      objectReference: {fileID: 0}
    - target: {fileID: 4837971332439030036, guid: 406b3aa286c72cc44bf35c866a300b37, type: 3}
      propertyPath: m_Name
      value: ps dash
      objectReference: {fileID: 0}
    - target: {fileID: 4837971332439030036, guid: 406b3aa286c72cc44bf35c866a300b37, type: 3}
      propertyPath: m_IsActive
      value: 1
      objectReference: {fileID: 0}
    - target: {fileID: 8196636036333468909, guid: 406b3aa286c72cc44bf35c866a300b37, type: 3}
      propertyPath: m_RootOrder
      value: 0
      objectReference: {fileID: 0}
    - target: {fileID: 8196636036333468909, guid: 406b3aa286c72cc44bf35c866a300b37, type: 3}
      propertyPath: m_LocalPosition.x
      value: 0
      objectReference: {fileID: 0}
    - target: {fileID: 8196636036333468909, guid: 406b3aa286c72cc44bf35c866a300b37, type: 3}
      propertyPath: m_LocalPosition.y
      value: 0
      objectReference: {fileID: 0}
    - target: {fileID: 8196636036333468909, guid: 406b3aa286c72cc44bf35c866a300b37, type: 3}
      propertyPath: m_LocalPosition.z
      value: -0.075
      objectReference: {fileID: 0}
    - target: {fileID: 8196636036333468909, guid: 406b3aa286c72cc44bf35c866a300b37, type: 3}
      propertyPath: m_LocalRotation.w
      value: 0
      objectReference: {fileID: 0}
    - target: {fileID: 8196636036333468909, guid: 406b3aa286c72cc44bf35c866a300b37, type: 3}
      propertyPath: m_LocalRotation.x
      value: 0
      objectReference: {fileID: 0}
    - target: {fileID: 8196636036333468909, guid: 406b3aa286c72cc44bf35c866a300b37, type: 3}
      propertyPath: m_LocalRotation.y
      value: 1
      objectReference: {fileID: 0}
    - target: {fileID: 8196636036333468909, guid: 406b3aa286c72cc44bf35c866a300b37, type: 3}
      propertyPath: m_LocalRotation.z
      value: 0
      objectReference: {fileID: 0}
    - target: {fileID: 8196636036333468909, guid: 406b3aa286c72cc44bf35c866a300b37, type: 3}
      propertyPath: m_LocalEulerAnglesHint.x
      value: 0
      objectReference: {fileID: 0}
    - target: {fileID: 8196636036333468909, guid: 406b3aa286c72cc44bf35c866a300b37, type: 3}
      propertyPath: m_LocalEulerAnglesHint.y
      value: 180
      objectReference: {fileID: 0}
    - target: {fileID: 8196636036333468909, guid: 406b3aa286c72cc44bf35c866a300b37, type: 3}
      propertyPath: m_LocalEulerAnglesHint.z
      value: 0
      objectReference: {fileID: 0}
    m_RemovedComponents: []
  m_SourcePrefab: {fileID: 100100000, guid: 406b3aa286c72cc44bf35c866a300b37, type: 3}
--- !u!4 &4933946033746209880 stripped
Transform:
  m_CorrespondingSourceObject: {fileID: 8196636036333468909, guid: 406b3aa286c72cc44bf35c866a300b37, type: 3}
  m_PrefabInstance: {fileID: 3871029469165752501}
  m_PrefabAsset: {fileID: 0}
