%YAML 1.1
%TAG !u! tag:unity3d.com,2011:
--- !u!1 &5206661732244811316
GameObject:
  m_ObjectHideFlags: 0
  m_CorrespondingSourceObject: {fileID: 0}
  m_PrefabInstance: {fileID: 0}
  m_PrefabAsset: {fileID: 0}
  serializedVersion: 6
  m_Component:
  - component: {fileID: 5206661732244811327}
  - component: {fileID: 5206661732244811324}
  - component: {fileID: 5206661732244811325}
  - component: {fileID: 5206661732244811314}
  - component: {fileID: 5206661732244811315}
  - component: {fileID: 5206661732244811312}
  - component: {fileID: 5206661732244811313}
  - component: {fileID: 5206661732244811318}
  - component: {fileID: 5206661732244811319}
  - component: {fileID: 460694284}
  m_Layer: 0
  m_Name: Map
  m_TagString: Untagged
  m_Icon: {fileID: 0}
  m_NavMeshLayer: 0
  m_StaticEditorFlags: 0
  m_IsActive: 1
--- !u!4 &5206661732244811327
Transform:
  m_ObjectHideFlags: 0
  m_CorrespondingSourceObject: {fileID: 0}
  m_PrefabInstance: {fileID: 0}
  m_PrefabAsset: {fileID: 0}
  m_GameObject: {fileID: 5206661732244811316}
  m_LocalRotation: {x: 0, y: 0, z: 0, w: 1}
  m_LocalPosition: {x: 0, y: 0, z: 0}
  m_LocalScale: {x: 1, y: 1, z: 1}
  m_ConstrainProportionsScale: 0
  m_Children: []
  m_Father: {fileID: 0}
  m_RootOrder: 0
  m_LocalEulerAnglesHint: {x: 0, y: 0, z: 0}
--- !u!114 &5206661732244811324
MonoBehaviour:
  m_ObjectHideFlags: 0
  m_CorrespondingSourceObject: {fileID: 0}
  m_PrefabInstance: {fileID: 0}
  m_PrefabAsset: {fileID: 0}
  m_GameObject: {fileID: 5206661732244811316}
  m_Enabled: 1
  m_EditorHideFlags: 0
  m_Script: {fileID: 11500000, guid: 9cf484bb098da8c48973c6e0076a9e35, type: 3}
  m_Name: 
  m_EditorClassIdentifier: 
  allowRedraw: 1
  blockAllInteractions: 0
  countParentLevels: 5
  customProviderURL: 
  customTrafficProviderURL: http://localhost/{zoom}/{y}/{x}
  defaultTileTexture: {fileID: 0}
  dispatchEvents: 1
  dragMarkerHoldingCTRL: 0
  emptyColor: {r: 0.5, g: 0.5, b: 0.5, a: 1}
  height: 1024
  labels: 0
  language: en
  lockRedraw: 0
  needRedraw: 1
  notInteractUnderGUI: 1
  mapType: osm.mapnik
  osmServer: 0
  proxyURL: https://service.infinity-code.com/redirect.php?
  redrawOnPlay: 1
  renderInThread: 1
  resourcesPath: OnlineMapsTiles/{zoom}/{x}/{y}
  streamingAssetsPath: OnlineMapsTiles/{zoom}/{x}/{y}.png
  showMarkerTooltip: 3
  source: 0
  stopPlayingWhenScriptsCompile: 1
  texture: {fileID: 0}
  tooltipBackgroundTexture: {fileID: 2800000, guid: a8d1734e646100c4e83635fecf978e15, type: 3}
  traffic: 0
  trafficProviderID: googlemaps
  useCurrentZoomTiles: 0
  useProxy: 1
  useSoftwareJPEGDecoder: 0
  width: 1024
  _activeTypeSettings: 
  _zoom: 14
  latitude: 51.163361
  longitude: 10.447683
--- !u!114 &5206661732244811325
MonoBehaviour:
  m_ObjectHideFlags: 0
  m_CorrespondingSourceObject: {fileID: 0}
  m_PrefabInstance: {fileID: 0}
  m_PrefabAsset: {fileID: 0}
  m_GameObject: {fileID: 5206661732244811316}
  m_Enabled: 1
  m_EditorHideFlags: 0
  m_Script: {fileID: 11500000, guid: 06f2cfe9365da3b4da8d6b60e10f8184, type: 3}
  m_Name: 
  m_EditorClassIdentifier: 
  _items: []
  defaultScale: 1
  allowAddMarker3DByN: 1
  defaultPrefab: {fileID: 1568204505596798675, guid: 2715761f037e76646b6348a8fe113a8b, type: 3}
--- !u!114 &5206661732244811314
MonoBehaviour:
  m_ObjectHideFlags: 0
  m_CorrespondingSourceObject: {fileID: 0}
  m_PrefabInstance: {fileID: 0}
  m_PrefabAsset: {fileID: 0}
  m_GameObject: {fileID: 5206661732244811316}
  m_Enabled: 1
  m_EditorHideFlags: 0
  m_Script: {fileID: 11500000, guid: 442db0cd7f5047744a8c79880b32aad0, type: 3}
  m_Name: 
  m_EditorClassIdentifier: 
  _items: []
  defaultScale: 1
  defaultTexture: {fileID: 2800000, guid: 87201c140c859404291718d8077a682f, type: 3}
  defaultAlign: 7
  allowAddMarkerByM: 1
--- !u!114 &5206661732244811315
MonoBehaviour:
  m_ObjectHideFlags: 0
  m_CorrespondingSourceObject: {fileID: 0}
  m_PrefabInstance: {fileID: 0}
  m_PrefabAsset: {fileID: 0}
  m_GameObject: {fileID: 5206661732244811316}
  m_Enabled: 1
  m_EditorHideFlags: 0
  m_Script: {fileID: 11500000, guid: 3b620559b752ba940a1eb34b10dfde7d, type: 3}
  m_Name: 
  m_EditorClassIdentifier: 
  activeTexture: {fileID: 0}
  allowZoom: 1
  allowUserControl: 1
  checkScreenSizeForWheelZoom: 1
  drawingElementManager: {fileID: 0}
  isMapDrag: 0
  invertTouchZoom: 0
  markerManager: {fileID: 0}
  smoothZoom: 1
  zoomInOnDoubleClick: 1
  zoomMode: 0
  zoomSensitivity: 1
  activeCamera: {fileID: 0}
  elevationManager: {fileID: 0}
  marker2DMode: 1
  marker2DSize: 100
  marker3DManager: {fileID: 0}
  originalPosition: {x: 0, y: 0, z: 0}
  originalScale: {x: 0, y: 0, z: 0}
  checkMarker2DVisibility: 0
  elevationResolution: 32
  markerMaterial: {fileID: 0}
  markerShader: {fileID: -6465566751694194690, guid: e951241f479ccfd4aad367e2bc963f5a, type: 3}
  sizeInScene: {x: 1024, y: 1024}
  colliderType: 1
  compressTextures: 1
  drawingsGameObject: {fileID: 0}
  drawingMode: 0
  drawingShader: {fileID: -6465566751694194690, guid: f9a9fdac2c997144abeb576e0876ed8f, type: 3}
  tileMaterial: {fileID: 2100000, guid: 14068855b38561b45bf1ad2348e283e9, type: 2}
  tilesetShader: {fileID: -6465566751694194690, guid: 48832406aee205045bdbe57aba604fd3, type: 3}
  _mipmapForTiles: 0
--- !u!114 &5206661732244811312
MonoBehaviour:
  m_ObjectHideFlags: 0
  m_CorrespondingSourceObject: {fileID: 0}
  m_PrefabInstance: {fileID: 0}
  m_PrefabAsset: {fileID: 0}
  m_GameObject: {fileID: 5206661732244811316}
  m_Enabled: 1
  m_EditorHideFlags: 0
  m_Script: {fileID: 11500000, guid: 4f052841418904d4aad611c9cffc01a1, type: 3}
  m_Name: 
  m_EditorClassIdentifier: 
  halfSize: 0
  useMaxSide: 0
--- !u!114 &5206661732244811313
MonoBehaviour:
  m_ObjectHideFlags: 0
  m_CorrespondingSourceObject: {fileID: 0}
  m_PrefabInstance: {fileID: 0}
  m_PrefabAsset: {fileID: 0}
  m_GameObject: {fileID: 5206661732244811316}
  m_Enabled: 1
  m_EditorHideFlags: 0
  m_Script: {fileID: 11500000, guid: ed3c476c58b6b054d9469cbe6c8fa060, type: 3}
  m_Name: 
  m_EditorClassIdentifier: 
  customCacheUnloadRate: 0.3
  maxCustomCacheSize: 100
  fileCacheLocation: 0
  fileCacheCustomPath: 
  fileCacheTilePath: TileCache/{pid}/{mid}/{lbs}/{lng}/{zoom}/{x}/{y}
  fileCacheUnloadRate: 0.3
  maxFileCacheSize: 100
  useFileCache: 1
  maxMemoryCacheSize: 10
  memoryCacheUnloadRate: 0.3
  useMemoryCache: 1
--- !u!114 &5206661732244811318
MonoBehaviour:
  m_ObjectHideFlags: 0
  m_CorrespondingSourceObject: {fileID: 0}
  m_PrefabInstance: {fileID: 0}
  m_PrefabAsset: {fileID: 0}
  m_GameObject: {fileID: 5206661732244811316}
  m_Enabled: 1
  m_EditorHideFlags: 0
  m_Script: {fileID: 11500000, guid: 906a57edadeceae499f4f1626c990b84, type: 3}
  m_Name: 
  m_EditorClassIdentifier: 
  adjustTo: 3
  adjustToGameObject: {fileID: 0}
  distance: 1000
  maxRotationX: 80
  rotation: {x: 0, y: 0}
  speed: {x: 1, y: 1}
  lockTilt: 0
  lockPan: 0
--- !u!114 &5206661732244811319
MonoBehaviour:
  m_ObjectHideFlags: 0
  m_CorrespondingSourceObject: {fileID: 0}
  m_PrefabInstance: {fileID: 0}
  m_PrefabAsset: {fileID: 0}
  m_GameObject: {fileID: 5206661732244811316}
  m_Enabled: 1
  m_EditorHideFlags: 0
  m_Script: {fileID: 11500000, guid: f768b7afd4612144a9575c4bfd210796, type: 3}
  m_Name: 
  m_EditorClassIdentifier: 
  amap: 
  bingMaps: 
  googleMaps: 
  hereApiKey: 
  hereAppCode: 
  hereAppID: 
  mapboxAccessToken: 
  openRouteService: 5b3ce3597851110001cf62484338bd4f824a47c1b886909ebb7b4a37
  qq: 
  what3Words: 
--- !u!114 &460694284
MonoBehaviour:
  m_ObjectHideFlags: 0
  m_CorrespondingSourceObject: {fileID: 0}
  m_PrefabInstance: {fileID: 0}
  m_PrefabAsset: {fileID: 0}
  m_GameObject: {fileID: 5206661732244811316}
  m_Enabled: 1
  m_EditorHideFlags: 0
  m_Script: {fileID: 11500000, guid: 9f9052b8f1255a04b9d0402333b78a57, type: 3}
  m_Name: 
  m_EditorClassIdentifier: 
  autoStopUpdateOnInput: 1
  compassThreshold: 8
  createMarkerInUserPosition: 0
  disableEmulatorInPublish: 1
  emulatorCompass: 0
  emulatorPosition: {x: 8.613715, y: 50.22423}
  findLocationByIP: 0
  lerpCompassValue: 1
  markerScale: 1
  markerTooltip: 
  markerType: 0
  marker2DAlign: 4
  marker2DTexture: {fileID: 0}
  marker3DPrefab: {fileID: 0}
  marker3DSizeType: 0
  maxPositionCount: 3
  position: {x: 0, y: 0}
  restoreAfter: 15
  rotateCameraByCompass: 0
  trueHeading: 0
  updatePosition: 1
  useCompassForMarker: 0
  useGPSEmulator: 1
  desiredAccuracy: 10
  requestPermissionRuntime: 1
  updateDistance: 8
